=LDR  00735nas  2200229uu 4500
=000  00568cam\a22001693a\4500
=001  33001
=003  PGUSA
=005  20161217030020.0
=008  100627s2010||||xxu|||||s|||||000\|\eng\d
=040  \\ $a PGUSA $b eng
=042  \\ $a dc
=050  \4$aD501
=100  1\ $a Stanley, Monica M.
=245  10 $a My Diary in Serbia : $b April 1, 1915-Nov. 1, 1915 $h [electronic resource] / $c Monica M. Stanley
=260  \\ $b Project Gutenberg, $c 2010
=506  \\ $a Public domain in the USA.
=516  \\ $a Text
=653  \\ $a World War, 1914-1918 -- Personal narratives
=653  \\ $a World War, 1914-1918 -- Hospitals
=830  \0 $a Project Gutenberg $v 33001
=856  40 $u http://www.gutenberg.org/ebooks/33001

