=LDR  00704nas  2200217uu 4500
=000  00568cam\a22001693a\4500
=001  33003
=003  PGUSA
=005  20161217030020.0
=008  100627s2010||||xxu|||||s|||||000\|\ger\d
=040  \\ $a PGUSA $b ger
=042  \\ $a dc
=050  \4$aF2201
=100  1\ $a Gerstäcker, Friedrich, $d 1816-1872
=245  14 $a Der Wahnsinnige : $b Eine Erzählung aus Südamerika $h [electronic resource] / $c Friedrich Gerstäcker
=260  \\ $b Project Gutenberg, $c 2010
=506  \\ $a Public domain in the USA.
=516  \\ $a Text
=653  \\ $a South America -- Description and travel
=830  \0 $a Project Gutenberg $v 33003
=856  40 $u http://www.gutenberg.org/ebooks/33003

