=LDR  00667nas  2200229uu 4500
=000  00568cam\a22001693a\4500
=001  33004
=003  PGUSA
=005  20161217030020.0
=008  100627s2010||||xxu|||||s|||||000\1\eng\d
=040  \\ $a PGUSA $b eng
=042  \\ $a dc
=050  \4$aPR
=100  1\ $a Boothby, Guy, $d 1867-1905
=245  14 $a The Red Rat's Daughter $h [electronic resource] / $c Guy Boothby
=260  \\ $b Project Gutenberg, $c 2010
=506  \\ $a Public domain in the USA.
=516  \\ $a Text
=653  \\ $a Fiction
=653  \\ $a Mystery and detective stories
=830  \0 $a Project Gutenberg $v 33004
=856  40 $u http://www.gutenberg.org/ebooks/33004

