=LDR  00874nas  2200229uu 4500
=000  00568cam\a22001693a\4500
=001  33005
=003  PGUSA
=005  20161217030020.0
=008  100627s2010||||xxu|||||s|||||000\p\eng\d
=040  \\ $a PGUSA $b eng
=042  \\ $a dc
=050  \4$aPG
=100  1\ $a Baring, Maurice, $d 1874-1945
=245  13 $a An Outline of Russian Literature $h [electronic resource] / $c Maurice Baring
=260  \\ $b Project Gutenberg, $c 2010
=505  0\ $a The origins -- The new age: Pushkin -- Lermontov -- The age of prose -- The epoch of reform -- Tolstoy and Dostoyevsky -- The second age of poetry -- Conclusion -- Chronological table.
=506  \\ $a Public domain in the USA.
=516  \\ $a Text
=653  \\ $a Russian literature -- History and criticism
=830  \0 $a Project Gutenberg $v 33005
=856  40 $u http://www.gutenberg.org/ebooks/33005

