=LDR  00657nas  2200217uu 4500
=000  00568cam\a22001693a\4500
=001  33006
=003  PGUSA
=005  20161217030020.0
=008  100627s2010||||xxu|||||s|||||000\|\eng\d
=040  \\ $a PGUSA $b eng
=042  \\ $a dc
=050  \4$aZ
=100  1\ $a Williams and Norgate
=245  14 $a The Home University Library catalogue 1914/15 $h [electronic resource] / $c Williams and Norgate
=260  \\ $b Project Gutenberg, $c 2010
=506  \\ $a Public domain in the USA.
=516  \\ $a Text
=653  \\ $a Publishers' catalogs
=830  \0 $a Project Gutenberg $v 33006
=856  40 $u http://www.gutenberg.org/ebooks/33006

