=LDR  00677nas  2200205uu 4500
=000  00568cam\a22001693a\4500
=001  33009
=003  PGUSA
=005  20161217030020.0
=008  100628s2010||||xxu|||||s|||||000\|\eng\d
=040  \\ $a PGUSA $b eng
=042  \\ $a dc
=050  \4$aAP
=245  14 $a The Atlantic Monthly, Volume 16, No. 98, December, 1865 : $b $b A Magazine of Literature, Science, Art, and Politics $h [electronic resource] / $c Various
=260  \\ $b Project Gutenberg, $c 2010
=506  \\ $a Public domain in the USA.
=516  \\ $a Text
=653  \\ $a American periodicals
=830  \0 $a Project Gutenberg $v 33009
=856  40 $u http://www.gutenberg.org/ebooks/33009

