=LDR  00711nas  2200229uu 4500
=000  00568cam\a22001693a\4500
=001  33011
=003  PGUSA
=005  20161217030020.0
=008  100628s2010||||xxu|||||s|||||000\|\eng\d
=040  \\ $a PGUSA $b eng
=042  \\ $a dc
=050  \4$aE300
=100  1\ $a Merwin, Henry Childs, $d 1853-1929
=245  10 $a Thomas Jefferson $h [electronic resource] / $c Henry Childs Merwin
=260  \\ $b Project Gutenberg, $c 2010
=506  \\ $a Public domain in the USA.
=516  \\ $a Text
=653  \\ $a Presidents -- United States -- Biography
=653  \\ $a Jefferson, Thomas, 1743-1826
=830  \0 $a Project Gutenberg $v 33011
=856  40 $u http://www.gutenberg.org/ebooks/33011

