=LDR  00725nas  2200241uu 4500
=000  00568cam\a22001693a\4500
=001  33013
=003  PGUSA
=005  20161217030020.0
=008  100628s2010||||xxu|||||s|||||000\|\eng\d
=040  \\ $a PGUSA $b eng
=042  \\ $a dc
=050  \4$aQK
=100  1\ $a Massee, George, $d 1850-1917
=245  10 $a European Fungus Flora : $b Agaricaceae $h [electronic resource] / $c George Massee
=260  \\ $b Project Gutenberg, $c 2010
=506  \\ $a Public domain in the USA.
=516  \\ $a Text
=653  \\ $a Mushrooms -- Europe
=653  \\ $a Agaricaceae -- Europe
=653  \\ $a Fungi -- Europe
=830  \0 $a Project Gutenberg $v 33013
=856  40 $u http://www.gutenberg.org/ebooks/33013

