=LDR  01016nas  2200253uu 4500
=000  00568cam\a22001693a\4500
=001  33014
=003  PGUSA
=005  20161217030020.0
=008  100628s2010||||xxu|||||s|||||000\|\eng\d
=040  \\ $a PGUSA $b eng
=042  \\ $a dc
=050  \4$aBV
=100  1\ $a Moody, Dwight Lyman, $d 1837-1899
=245  10 $a To The Work! To The Work! Exhortations to Christians $h [electronic resource] / $c Dwight Lyman Moody
=260  \\ $b Project Gutenberg, $c 2010
=505  0\ $a "Take ye away the stone" -- Love, the motive power for service -- Faith and courage -- Faith rewarded -- Enthusiasm -- The power of little things -- "She hath done what she could" -- Who is my neighbor?" -- "Ye are the light of the world."
=506  \\ $a Public domain in the USA.
=516  \\ $a Text
=653  \\ $a Sermons, American
=653  \\ $a Witness bearing (Christianity)
=653  \\ $a Evangelistic work
=830  \0 $a Project Gutenberg $v 33014
=856  40 $u http://www.gutenberg.org/ebooks/33014

