=LDR  00989nas  2200253uu 4500
=000  00568cam\a22001693a\4500
=001  33015
=003  PGUSA
=005  20161217030020.0
=008  100628s2010||||xxu|||||s|||||000\|\eng\d
=040  \\ $a PGUSA $b eng
=042  \\ $a dc
=050  \4$aBV
=100  1\ $a Moody, Dwight Lyman, $d 1837-1899
=245  14 $a The Overcoming Life, and Other Sermons $h [electronic resource] / $c Dwight Lyman Moody
=260  \\ $b Project Gutenberg, $c 2010
=505  0\ $a The overcoming life: pt. 1: The Christian's warfare. pt. 2: Internal foes. pt. 3: External foes -- Results of true repentance -- True wisdom -- "Come thou and all thy house into the ark" -- Humility -- Rest -- Seven "I wills" of Christ.
=506  \\ $a Public domain in the USA.
=516  \\ $a Text
=653  \\ $a Sermons, American
=653  \\ $a Evangelistic work
=653  \\ $a Evangelistic sermons
=830  \0 $a Project Gutenberg $v 33015
=856  40 $u http://www.gutenberg.org/ebooks/33015

