=LDR  00939nas  2200229uu 4500
=000  00568cam\a22001693a\4500
=001  33016
=003  PGUSA
=005  20161217030020.0
=008  100628s2010||||xxu|||||s|||||000\1\eng\d
=040  \\ $a PGUSA $b eng
=042  \\ $a dc
=050  \4$aPN
=245  10 $a Astounding Stories, August, 1931 $h [electronic resource] / $c Various
=260  \\ $b Project Gutenberg, $c 2010
=505  0\ $a The Danger from the Deep / Ralph Milne Farley -- Brood of the Dark Moon / Charles Willard Diffin -- If the Sun Died / R. F. Starzl -- The Midget from the Island / H. G. Winter -- The Moon Weed / Harl Vincent -- The Port of Missing Planes / Captain S. P. Meek
=506  \\ $a Public domain in the USA.
=516  \\ $a Text
=653  \\ $a Science fiction, American -- Periodicals
=653  \\ $a Science fiction -- Periodicals
=830  \0 $a Project Gutenberg $v 33016
=856  40 $u http://www.gutenberg.org/ebooks/33016

