=LDR  00767nas  2200229uu 4500
=000  00568cam\a22001693a\4500
=001  33018
=003  PGUSA
=005  20161217030020.0
=008  100629s2010||||xxu|||||s|||||000\|\eng\d
=040  \\ $a PGUSA $b eng
=042  \\ $a dc
=050  \4$aF206
=100  1\ $a Willis, Carrie Hunter, $d 1890-
=245  10 $a Legends of the Skyline Drive and the Great Valley of Virginia $h [electronic resource] / $c Carrie Hunter Willis
=260  \\ $b Project Gutenberg, $c 2010
=506  \\ $a Public domain in the USA.
=516  \\ $a Text
=653  \\ $a Shenandoah National Park (Va.)
=653  \\ $a Shenandoah River Valley (Va. and W. Va.) -- History
=830  \0 $a Project Gutenberg $v 33018
=856  40 $u http://www.gutenberg.org/ebooks/33018

