=LDR  00680nas  2200229uu 4500
=000  00568cam\a22001693a\4500
=001  33019
=003  PGUSA
=005  20161217030020.0
=008  100629s2010||||xxu|||||s|||||000\1\eng\d
=040  \\ $a PGUSA $b eng
=042  \\ $a dc
=050  \4$aPS
=100  1\ $a Kummer, Frederic Arnold, $d 1873-1943
=245  14 $a The Green God $h [electronic resource] / $c Frederic Arnold Kummer
=260  \\ $b Project Gutenberg, $c 2010
=506  \\ $a Public domain in the USA.
=516  \\ $a Text
=653  \\ $a Detective and mystery stories
=653  \\ $a Fiction
=830  \0 $a Project Gutenberg $v 33019
=856  40 $u http://www.gutenberg.org/ebooks/33019

