=LDR  00705nas  2200229uu 4500
=000  00568cam\a22001693a\4500
=001  33020
=003  PGUSA
=005  20161217030020.0
=008  100629s2010||||xxu|||||s|||||000\|\eng\d
=040  \\ $a PGUSA $b eng
=042  \\ $a dc
=050  \4$aGT
=100  1\ $a Calthrop, Dion Clayton, $d 1878-1937
=245  10 $a English Costume $h [electronic resource] / $c Dion Clayton Calthrop
=260  \\ $b Project Gutenberg, $c 2010
=500  \\ $a Illustrated by the author.
=506  \\ $a Public domain in the USA.
=516  \\ $a Text
=653  \\ $a Clothing and dress -- Great Britain
=830  \0 $a Project Gutenberg $v 33020
=856  40 $u http://www.gutenberg.org/ebooks/33020

