=LDR  00768nas  2200217uu 4500
=000  00568cam\a22001693a\4500
=001  33022
=003  PGUSA
=005  20161217030020.0
=008  100708s2010||||xxu|||||s|||||000\|\eng\d
=040  \\ $a PGUSA $b eng
=042  \\ $a dc
=050  \4$aDG
=100  1\ $a Wicksteed, Philip H. $q (Philip Henry), $d 1844-1927
=245  10 $a Villani's Chronicle : $b $b Being Selections from the First Nine Books of the Croniche Fiorentine of Giovanni Villani $h [electronic resource] / $c Philip H. Wicksteed
=260  \\ $b Project Gutenberg, $c 2010
=506  \\ $a Public domain in the USA.
=516  \\ $a Text
=653  \\ $a Florence (Italy) -- History
=830  \0 $a Project Gutenberg $v 33022
=856  40 $u http://www.gutenberg.org/ebooks/33022

