=LDR  00817nas  2200241uu 4500
=000  00568cam\a22001693a\4500
=001  33023
=003  PGUSA
=005  20161217030020.0
=008  100629s2010||||xxu|||||s|||||000\p\eng\d
=040  \\ $a PGUSA $b eng
=042  \\ $a dc
=050  \4$aE011
=050  \4$aPS
=100  1\ $a Schoolcraft, Henry Rowe, $d 1793-1864
=245  13 $a An Address, Delivered Before the Was-ah Ho-de-no-son-ne or New Confederacy of the Iroquois : $b $b Also, Genundewah, a Poem $h [electronic resource] / $c Henry Rowe Schoolcraft
=260  \\ $b Project Gutenberg, $c 2010
=506  \\ $a Public domain in the USA.
=516  \\ $a Text
=653  \\ $a Iroquois Indians -- Poetry
=653  \\ $a Iroquois Indians
=830  \0 $a Project Gutenberg $v 33023
=856  40 $u http://www.gutenberg.org/ebooks/33023

