=LDR  00777nas  2200229uu 4500
=000  00568cam\a22001693a\4500
=001  33024
=003  PGUSA
=005  20161217030020.0
=008  100629s2010||||xxu|||||s|||||000\|\eng\d
=040  \\ $a PGUSA $b eng
=042  \\ $a dc
=050  \4$aBV
=100  1\ $a Moody, Dwight Lyman, $d 1837-1899
=245  10 $a Moody's Stories : $b Being a Second Volume of Anecdotes, Incidents, and Illustrations $h [electronic resource] / $c Dwight Lyman Moody
=260  \\ $b Project Gutenberg, $c 2010
=506  \\ $a Public domain in the USA.
=516  \\ $a Text
=653  \\ $a Homiletical illustrations
=740  0\ $a Moody's Stories: Incidents and Illustrations
=830  \0 $a Project Gutenberg $v 33024
=856  40 $u http://www.gutenberg.org/ebooks/33024

