=LDR  00653nas  2200217uu 4500
=000  00568cam\a22001693a\4500
=001  33026
=003  PGUSA
=005  20161217030020.0
=008  100629s2010||||xxu|||||s|||||000\1\hun\d
=040  \\ $a PGUSA $b hun
=042  \\ $a dc
=050  \4$aPH
=100  1\ $a Beniczkyné Bajza, Lenke, $d 1839-1905
=245  10 $a Végzetes tévedés : $b Regény $h [electronic resource] / $c Lenke Beniczkyné Bajza
=260  \\ $b Project Gutenberg, $c 2010
=506  \\ $a Public domain in the USA.
=516  \\ $a Text
=653  \\ $a Fiction
=830  \0 $a Project Gutenberg $v 33026
=856  40 $u http://www.gutenberg.org/ebooks/33026

