=LDR  00620nas  2200205uu 4500
=000  00568cam\a22001693a\4500
=001  33027
=003  PGUSA
=005  20161217030020.0
=008  100629s2010||||xxu|||||s|||||000\|\eng\d
=040  \\ $a PGUSA $b eng
=042  \\ $a dc
=050  \4$aPN
=245  10 $a Library of the World's Best Literature, Ancient and Modern, Vol. 15 $h [electronic resource]
=260  \\ $b Project Gutenberg, $c 2010
=506  \\ $a Public domain in the USA.
=516  \\ $a Text
=653  \\ $a Literature -- Collections
=830  \0 $a Project Gutenberg $v 33027
=856  40 $u http://www.gutenberg.org/ebooks/33027

