=LDR  01020nas  2200241uu 4500
=000  00568cam\a22001693a\4500
=001  33028
=003  PGUSA
=005  20161217030020.0
=008  100630s2010||||xxu|||||s|||||000\1\eng\d
=040  \\ $a PGUSA $b eng
=042  \\ $a dc
=050  \4$aPR
=100  1\ $a Nesbit, E. $q (Edith), $d 1858-1924
=245  10 $a Man and Maid $h [electronic resource] / $c E. Nesbit
=260  \\ $b Project Gutenberg, $c 2010
=505  0\ $a The haunted inheritance -- The power of darkness -- The stranger who might have been observed -- Rack and thumbscrew -- The millionairess -- The hermit of "The Yews" -- The aunt and the editor -- Miss Mouse -- The old wife -- The house of silence -- The girl at the tobacconist's -- While it is yet day -- Alcibiades.
=506  \\ $a Public domain in the USA.
=516  \\ $a Text
=653  \\ $a Short stories, English
=653  \\ $a Man-woman relationships -- Fiction
=830  \0 $a Project Gutenberg $v 33028
=856  40 $u http://www.gutenberg.org/ebooks/33028

