=LDR  00640nas  2200229uu 4500
=000  00568cam\a22001693a\4500
=001  33029
=003  PGUSA
=005  20161217030020.0
=008  100630s2010||||xxu|||||s|||||000\|\eng\d
=040  \\ $a PGUSA $b eng
=042  \\ $a dc
=050  \4$aSF
=100  1\ $a Lamon, Harry M., $d 1872-1944
=245  10 $a Ducks and Geese $h [electronic resource] / $c Harry M. Lamon
=260  \\ $b Project Gutenberg, $c 2010
=506  \\ $a Public domain in the USA.
=516  \\ $a Text
=653  \\ $a Ducks
=653  \\ $a Geese
=830  \0 $a Project Gutenberg $v 33029
=856  40 $u http://www.gutenberg.org/ebooks/33029

