=LDR  00720nas  2200229uu 4500
=000  00568cam\a22001693a\4500
=001  33030
=003  PGUSA
=005  20161217030020.0
=008  100630s2010||||xxu|||||s|||||000\1\eng\d
=040  \\ $a PGUSA $b eng
=042  \\ $a dc
=050  \4$aPS
=100  1\ $a Tileston, Merrill
=245  10 $a Chiquita, an American Novel : $b The Romance of a Ute Chief's Daughter $h [electronic resource] / $c Merrill Tileston
=260  \\ $b Project Gutenberg, $c 2010
=506  \\ $a Public domain in the USA.
=516  \\ $a Text
=653  \\ $a Indian women -- Fiction
=653  \\ $a Ute Indians -- Fiction
=830  \0 $a Project Gutenberg $v 33030
=856  40 $u http://www.gutenberg.org/ebooks/33030

