=LDR  00645nas  2200217uu 4500
=000  00568cam\a22001693a\4500
=001  33032
=003  PGUSA
=005  20161217030020.0
=008  100630s2010||||xxu|||||s|||||000\|\fre\d
=040  \\ $a PGUSA $b fre
=042  \\ $a dc
=050  \4$aB
=100  1\ $a Spencer, Herbert, $d 1820-1903
=245  14 $a Les bases de la morale évolutionniste $h [electronic resource] / $c Herbert Spencer
=260  \\ $b Project Gutenberg, $c 2010
=506  \\ $a Public domain in the USA.
=516  \\ $a Text
=653  \\ $a Philosophy
=830  \0 $a Project Gutenberg $v 33032
=856  40 $u http://www.gutenberg.org/ebooks/33032

