=LDR  00863nas  2200241uu 4500
=000  00568cam\a22001693a\4500
=001  33033
=003  PGUSA
=005  20161217030020.0
=008  100701s2010||||xxu|||||s|||||000\|\fre\d
=040  \\ $a PGUSA $b fre
=042  \\ $a dc
=050  \4$aDC
=100  1\ $a Tallemant des Réaux, $d 1619-1690
=245  14 $a Les historiettes de Tallemant des Réaux, tome premier : $b $b Mémoires pour servir à l'histoire du XVIIe siècle $h [electronic resource] / $c Tallemant des Réaux
=260  \\ $b Project Gutenberg, $c 2010
=506  \\ $a Public domain in the USA.
=516  \\ $a Text
=653  \\ $a France -- History -- Louis XIII, 1610-1643
=653  \\ $a France -- Biography
=653  \\ $a France -- History -- Louis XIV, 1643-1715
=830  \0 $a Project Gutenberg $v 33033
=856  40 $u http://www.gutenberg.org/ebooks/33033

