=LDR  00923nas  2200241uu 4500
=000  00568cam\a22001693a\4500
=001  33035
=003  PGUSA
=005  20161217030020.0
=008  100630s2010||||xxu|||||s|||||000\|\eng\d
=040  \\ $a PGUSA $b eng
=042  \\ $a dc
=050  \4$aE456
=100  1\ $a Swiggett, S. A. $q (Samuel A.), $d 1834-
=245  14 $a The Bright Side of Prison Life : $b $b Experience, In Prison and Out, of an Involuntary Soujouner in Rebellion $h [electronic resource] / $c S. A. Swiggett
=260  \\ $b Project Gutenberg, $c 2010
=506  \\ $a Public domain in the USA.
=516  \\ $a Text
=653  \\ $a United States. Army. Iowa Infantry Regiment, 36th (1862-1865)
=653  \\ $a United States -- History -- Civil War, 1861-1865 -- Personal narratives
=653  \\ $a Swiggett, S. A. (Samuel A.), 1834-
=830  \0 $a Project Gutenberg $v 33035
=856  40 $u http://www.gutenberg.org/ebooks/33035

