=LDR  00700nas  2200217uu 4500
=000  00568cam\a22001693a\4500
=001  33038
=003  PGUSA
=005  20161217030020.0
=008  100701s2010||||xxu|||||s|||||000\|\eng\d
=040  \\ $a PGUSA $b eng
=042  \\ $a dc
=050  \4$aD
=100  1\ $a Ballou, Maturin Murray, $d 1820-1895
=245  10 $a Due North; or, Glimpses of Scandinavia and Russia $h [electronic resource] / $c Maturin Murray Ballou
=260  \\ $b Project Gutenberg, $c 2010
=506  \\ $a Public domain in the USA.
=516  \\ $a Text
=653  \\ $a Europe, Northern -- Description and travel
=830  \0 $a Project Gutenberg $v 33038
=856  40 $u http://www.gutenberg.org/ebooks/33038

