=LDR  00653nas  2200229uu 4500
=000  00568cam\a22001693a\4500
=001  33039
=003  PGUSA
=005  20161217030020.0
=008  100701s2010||||xxu|||||s|||||000\1\eng\d
=040  \\ $a PGUSA $b eng
=042  \\ $a dc
=050  \4$aPS
=100  1\ $a True, Allen Tupper, $d 1881-1955
=245  14 $a The Orphan $h [electronic resource] / $c Allen Tupper True
=260  \\ $b Project Gutenberg, $c 2010
=506  \\ $a Public domain in the USA.
=516  \\ $a Text
=653  \\ $a Fiction
=653  \\ $a Western stories
=830  \0 $a Project Gutenberg $v 33039
=856  40 $u http://www.gutenberg.org/ebooks/33039

