=LDR  00860nas  2200241uu 4500
=000  00568cam\a22001693a\4500
=001  33040
=003  PGUSA
=005  20161217030020.0
=008  100701s2010||||xxu|||||s|||||000\1\eng\d
=040  \\ $a PGUSA $b eng
=042  \\ $a dc
=050  \4$aPR
=100  1\ $a Hichens, Robert, $d 1864-1950
=245  10 $a Bye-Ways $h [electronic resource] / $c Robert Hichens
=260  \\ $b Project Gutenberg, $c 2010
=505  0\ $a The charmer of snakes -- A tribute of souls -- An echo in Egypt -- The face of the monk -- The man who intervened -- After to-morrow -- A silent guardian -- A boudoir boy -- The tee-to-tum.
=506  \\ $a Public domain in the USA.
=516  \\ $a Text
=653  \\ $a Short stories, English
=653  \\ $a Fiction
=830  \0 $a Project Gutenberg $v 33040
=856  40 $u http://www.gutenberg.org/ebooks/33040

