=LDR  01107nas  2200241uu 4500
=000  00568cam\a22001693a\4500
=001  33041
=003  PGUSA
=005  20161217030020.0
=008  100701s2010||||xxu|||||s|||||000\1\ger\d
=040  \\ $a PGUSA $b ger
=042  \\ $a dc
=050  \4$aPT
=100  1\ $a Franzos, Marie, $d 1870-1941
=245  10 $a Unsichtbare Bande : $b Erzählungen $h [electronic resource] / $c Marie Franzos
=260  \\ $b Project Gutenberg, $c 2010
=505  0\ $a Peter Nord und Frau Fastenzeit -- Die Legende vom Vogelnest -- Das Hünengrab -- Die Vogelfreien -- Reors Geschichte -- Waldemar Attertag brandschatzt Visby -- Mamsell Friederike -- Der Roman einer Fischersfrau -- Mutters Bild -- Ein gefallener König -- Ein Weihnachtsgast -- Onkel Ruben -- Das Flaumvögelchen -- Unter den Kletterrosen -- Die Grabschrift -- Römerblut -- Die Rache bleibt nicht aus -- Die Geisterhand.
=506  \\ $a Public domain in the USA.
=516  \\ $a Text
=653  \\ $a Short stories
=653  \\ $a Fiction
=830  \0 $a Project Gutenberg $v 33041
=856  40 $u http://www.gutenberg.org/ebooks/33041

