=LDR  00727nas  2200229uu 4500
=000  00568cam\a22001693a\4500
=001  33042
=003  PGUSA
=005  20161217030020.0
=008  100701s2010||||xxu|||||s|||||000\|\eng\d
=040  \\ $a PGUSA $b eng
=042  \\ $a dc
=050  \4$aDA
=100  1\ $a Higgins, Walter, $d 1866-1949
=245  10 $a Hastings and Neighbourhood $h [electronic resource] / $c Walter Higgins
=260  \\ $b Project Gutenberg, $c 2010
=506  \\ $a Public domain in the USA.
=516  \\ $a Text
=653  \\ $a Sussex (England) -- Description and travel
=653  \\ $a Hastings (England) -- Description and travel
=830  \0 $a Project Gutenberg $v 33042
=856  40 $u http://www.gutenberg.org/ebooks/33042

