=LDR  00686nas  2200229uu 4500
=000  00568cam\a22001693a\4500
=001  33043
=003  PGUSA
=005  20161217030020.0
=008  100701s2010||||xxu|||||s|||||000\1\eng\d
=040  \\ $a PGUSA $b eng
=042  \\ $a dc
=050  \4$aPR
=100  1\ $a Riley, W. $q (William), $d 1866-1961
=245  10 $a Windyridge $h [electronic resource] / $c W. Riley
=260  \\ $b Project Gutenberg, $c 2010
=506  \\ $a Public domain in the USA.
=516  \\ $a Text
=653  \\ $a Yorkshire (England) -- Fiction
=653  \\ $a Villages -- England -- Fiction
=830  \0 $a Project Gutenberg $v 33043
=856  40 $u http://www.gutenberg.org/ebooks/33043

