=LDR  00751nas  2200217uu 4500
=000  00568cam\a22001693a\4500
=001  33044
=003  PGUSA
=005  20161217030020.0
=008  100701s2010||||xxu|||||s|||||000\|\eng\d
=040  \\ $a PGUSA $b eng
=042  \\ $a dc
=050  \4$aQH
=100  1\ $a Thompson, Max C.
=245  10 $a Birds from North Borneo : $b $b University of Kansas Publications, Museum of Natural History, Volume 17, No. 8, pp. 377-433, October 27, 1966 $h [electronic resource] / $c Max C. Thompson
=260  \\ $b Project Gutenberg, $c 2010
=506  \\ $a Public domain in the USA.
=516  \\ $a Text
=653  \\ $a Birds -- Malaysia -- Sabah
=830  \0 $a Project Gutenberg $v 33044
=856  40 $u http://www.gutenberg.org/ebooks/33044

