=LDR  00640nas  2200217uu 4500
=000  00568cam\a22001693a\4500
=001  33045
=003  PGUSA
=005  20161217030020.0
=008  100701s2010||||xxu|||||s|||||000\|\eng\d
=040  \\ $a PGUSA $b eng
=042  \\ $a dc
=050  \4$aSH
=100  1\ $a Unknown
=245  14 $a The Ranidae : $b How to breed, feed and raise the edible frog $h [electronic resource] / $c Unknown
=260  \\ $b Project Gutenberg, $c 2010
=506  \\ $a Public domain in the USA.
=516  \\ $a Text
=653  \\ $a Frog culture
=830  \0 $a Project Gutenberg $v 33045
=856  40 $u http://www.gutenberg.org/ebooks/33045

