=LDR  00805nas  2200265uu 4500
=000  00568cam\a22001693a\4500
=001  33047
=003  PGUSA
=005  20161217030020.0
=008  100702s2010||||xxu|||||s|||||000\1\eng\d
=040  \\ $a PGUSA $b eng
=042  \\ $a dc
=050  \4$aPS
=100  1\ $a Hickey, H. B., $d 1916-1987
=245  14 $a The Eye of Wilbur Mook $h [electronic resource] / $c H. B. Hickey
=260  \\ $b Project Gutenberg, $c 2010
=506  \\ $a Public domain in the USA.
=516  \\ $a Text
=653  \\ $a Courage -- Fiction
=653  \\ $a Arthur, King -- Fiction
=653  \\ $a Merlin (Legendary character) -- Fiction
=653  \\ $a Fantasy fiction
=653  \\ $a Cowardice -- Fiction
=830  \0 $a Project Gutenberg $v 33047
=856  40 $u http://www.gutenberg.org/ebooks/33047

