=LDR  00730nas  2200241uu 4500
=000  00568cam\a22001693a\4500
=001  33048
=003  PGUSA
=005  20161217030020.0
=008  101120s2010||||xxu|||||s|||||000\1\eng\d
=040  \\ $a PGUSA $b eng
=042  \\ $a dc
=050  \4$aPS
=245  10 $a Jap Herron : $b A Novel Written from the Ouija Board $h [electronic resource]
=260  \\ $b Project Gutenberg, $c 2010
=506  \\ $a Public domain in the USA.
=516  \\ $a Text
=653  \\ $a Newspaper presses -- Fiction
=653  \\ $a Twain, Mark, 1835-1910 (Spirit)
=653  \\ $a Spirit writings
=653  \\ $a Missouri -- Fiction
=830  \0 $a Project Gutenberg $v 33048
=856  40 $u http://www.gutenberg.org/ebooks/33048

