=LDR  00730nas  2200229uu 4500
=000  00568cam\a22001693a\4500
=001  33049
=003  PGUSA
=005  20161217030020.0
=008  100702s2010||||xxu|||||s|||||000\|\eng\d
=040  \\ $a PGUSA $b eng
=042  \\ $a dc
=050  \4$aBL
=100  1\ $a Dawson, John William, $c Sir, $d 1820-1899
=245  14 $a The Origin of the World According to Revelation and Science $h [electronic resource] / $c John William, Dawson
=260  \\ $b Project Gutenberg, $c 2010
=506  \\ $a Public domain in the USA.
=516  \\ $a Text
=653  \\ $a Bible and science
=653  \\ $a Religion and science
=830  \0 $a Project Gutenberg $v 33049
=856  40 $u http://www.gutenberg.org/ebooks/33049

