=LDR  00804nas  2200229uu 4500
=000  00568cam\a22001693a\4500
=001  33050
=003  PGUSA
=005  20161217030020.0
=008  100703s2010||||xxu|||||s|||||000\|\eng\d
=040  \\ $a PGUSA $b eng
=042  \\ $a dc
=050  \4$aQE
=100  1\ $a Harvey, Ruth Sawyer
=245  10 $a Drainage Modifications and Glaciation in the Danbury Region Connecticut : $b $b State of Connecticut State Geological and Natural History Survey Bulletin No. 30 $h [electronic resource] / $c Ruth Sawyer Harvey
=260  \\ $b Project Gutenberg, $c 2010
=506  \\ $a Public domain in the USA.
=516  \\ $a Text
=653  \\ $a Glacial epoch
=653  \\ $a Geology -- Connecticut
=830  \0 $a Project Gutenberg $v 33050
=856  40 $u http://www.gutenberg.org/ebooks/33050

