=LDR  00670nas  2200217uu 4500
=000  00568cam\a22001693a\4500
=001  33051
=003  PGUSA
=005  20161217030020.0
=008  100702s2010||||xxu|||||s|||||000\|\eng\d
=040  \\ $a PGUSA $b eng
=042  \\ $a dc
=050  \4$aPZ
=245  10 $a Momotaro; or, Little Peachling : $b $b Japanese Fairy Tale Series No. 1 $h [electronic resource] / $c Anonymous
=260  \\ $b Project Gutenberg, $c 2010
=506  \\ $a Public domain in the USA.
=516  \\ $a Text
=653  \\ $a Fairy tales -- Japan
=653  \\ $a Folklore -- Japan
=830  \0 $a Project Gutenberg $v 33051
=856  40 $u http://www.gutenberg.org/ebooks/33051

