=LDR  00761nas  2200241uu 4500
=000  00568cam\a22001693a\4500
=001  33053
=003  PGUSA
=005  20161217030020.0
=008  100702s2010||||xxu|||||s|||||000\|\eng\d
=040  \\ $a PGUSA $b eng
=042  \\ $a dc
=050  \4$aE740
=100  1\ $a Burroughs, John, $d 1837-1921
=245  10 $a Camping and Tramping with Roosevelt $h [electronic resource] / $c John Burroughs
=260  \\ $b Project Gutenberg, $c 2010
=506  \\ $a Public domain in the USA.
=516  \\ $a Text
=653  \\ $a Roosevelt, Theodore, 1858-1919
=653  \\ $a Yellowstone National Park
=740  0\ $a Camping and Tramping with Roosevelt
=830  \0 $a Project Gutenberg $v 33053
=856  40 $u http://www.gutenberg.org/ebooks/33053

