=LDR  00665nas  2200217uu 4500
=000  00568cam\a22001693a\4500
=001  33055
=003  PGUSA
=005  20161217030020.0
=008  100702s2010||||xxu|||||s|||||000\1\eng\d
=040  \\ $a PGUSA $b eng
=042  \\ $a dc
=050  \4$aPR
=100  1\ $a Marshall, Emma, $d 1830-1899
=245  10 $a Her Season in Bath : $b A Story of Bygone Days $h [electronic resource] / $c Emma Marshall
=260  \\ $b Project Gutenberg, $c 2010
=506  \\ $a Public domain in the USA.
=516  \\ $a Text
=653  \\ $a Bath (England) -- Fiction
=830  \0 $a Project Gutenberg $v 33055
=856  40 $u http://www.gutenberg.org/ebooks/33055

