=LDR  01046nas  2200241uu 4500
=000  00568cam\a22001693a\4500
=001  33056
=003  PGUSA
=005  20161217030020.0
=008  100703s2010||||xxu|||||s|||||000\1\por\d
=040  \\ $a PGUSA $b por
=042  \\ $a dc
=050  \4$aPQ
=100  1\ $a Machado de Assis, $d 1839-1908
=245  10 $a Historias Sem Data $h [electronic resource] / $c Machado de Assis
=260  \\ $b Project Gutenberg, $c 2010
=505  0\ $a A egreja do diabo -- O lapso -- Ultimo capítulo -- Cantiga de esponsaes -- Uma senhora -- Singular occurrencia -- Galeria posthuma -- Capitulo dos chapéos -- Conto Alexandrino -- Primas de sapucaia! -- Anecdota pecuniaria -- Fulano -- A segunda vida -- Noite de almirante -- Manuscripto de um sacristão -- Ex cathedra -- A senhora do Galvão -- As academias de Sião.
=506  \\ $a Public domain in the USA.
=516  \\ $a Text
=653  \\ $a Fiction
=653  \\ $a Short stories
=830  \0 $a Project Gutenberg $v 33056
=856  40 $u http://www.gutenberg.org/ebooks/33056

