=LDR  00720nas  2200217uu 4500
=000  00568cam\a22001693a\4500
=001  33057
=003  PGUSA
=005  20161217030020.0
=008  100703s2010||||xxu|||||s|||||000\|\por\d
=040  \\ $a PGUSA $b por
=042  \\ $a dc
=050  \4$aDP
=100  1\ $a Cordeiro, Manoel Caldas, $d 1869-1914
=245  12 $a O Marquez de Pombal (folheto para poucos) $h [electronic resource] / $c Manoel Caldas Cordeiro
=260  \\ $b Project Gutenberg, $c 2010
=506  \\ $a Public domain in the USA.
=516  \\ $a Text
=653  \\ $a Pombal, Sebastião José de Carvalho e Melo, Marquês de, 1699-1782
=830  \0 $a Project Gutenberg $v 33057
=856  40 $u http://www.gutenberg.org/ebooks/33057

