=LDR  00706nas  2200217uu 4500
=000  00568cam\a22001693a\4500
=001  33058
=003  PGUSA
=005  20161217030020.0
=008  100703s2010||||xxu|||||s|||||000\1\eng\d
=040  \\ $a PGUSA $b eng
=042  \\ $a dc
=050  \4$aPS
=100  1\ $a Harris, Joel Chandler, $d 1848-1908
=245  10 $a Gabriel Tolliver : $b A Story of Reconstruction $h [electronic resource] / $c Joel Chandler Harris
=260  \\ $b Project Gutenberg, $c 2010
=506  \\ $a Public domain in the USA.
=516  \\ $a Text
=653  \\ $a Reconstruction (U.S. history, 1865-1877) -- Fiction
=830  \0 $a Project Gutenberg $v 33058
=856  40 $u http://www.gutenberg.org/ebooks/33058

