=LDR  00707nas  2200229uu 4500
=000  00568cam\a22001693a\4500
=001  33059
=003  PGUSA
=005  20161217030020.0
=008  100703s2010||||xxu|||||s|||||000\|\eng\d
=040  \\ $a PGUSA $b eng
=042  \\ $a dc
=050  \4$aDA
=100  1\ $a Bevan, J. O. $q (James Oliver)
=245  14 $a The Towns of Roman Britain $h [electronic resource] / $c J. O. Bevan
=260  \\ $b Project Gutenberg, $c 2010
=506  \\ $a Public domain in the USA.
=516  \\ $a Text
=653  \\ $a Great Britain -- Antiquities, Roman
=653  \\ $a Cities and towns -- Great Britain
=830  \0 $a Project Gutenberg $v 33059
=856  40 $u http://www.gutenberg.org/ebooks/33059

