=LDR  00644nas  2200217uu 4500
=000  00568cam\a22001693a\4500
=001  33060
=003  PGUSA
=005  20161217030020.0
=008  100703s2010||||xxu|||||s|||||000\|\eng\d
=040  \\ $a PGUSA $b eng
=042  \\ $a dc
=050  \4$aS
=100  1\ $a Duryee, William Budington, $d 1888-
=245  12 $a A Living from the Land $h [electronic resource] / $c William Budington Duryee
=260  \\ $b Project Gutenberg, $c 2010
=506  \\ $a Public domain in the USA.
=516  \\ $a Text
=653  \\ $a Agriculture
=830  \0 $a Project Gutenberg $v 33060
=856  40 $u http://www.gutenberg.org/ebooks/33060

