=LDR  00681nas  2200217uu 4500
=000  00568cam\a22001693a\4500
=001  33061
=003  PGUSA
=005  20161217030020.0
=008  100703s2010||||xxu|||||s|||||000\1\eng\d
=040  \\ $a PGUSA $b eng
=042  \\ $a dc
=050  \4$aPS
=100  1\ $a Ballinger, Harry Russell, $d 1892-1993
=245  10 $a Clover and Blue Grass $h [electronic resource] / $c Harry Russell Ballinger
=260  \\ $b Project Gutenberg, $c 2010
=506  \\ $a Public domain in the USA.
=516  \\ $a Text
=653  \\ $a Kentucky -- Social life and customs -- Fiction
=830  \0 $a Project Gutenberg $v 33061
=856  40 $u http://www.gutenberg.org/ebooks/33061

