=LDR  00680nas  2200217uu 4500
=000  00568cam\a22001693a\4500
=001  33062
=003  PGUSA
=005  20161217030020.0
=008  100703s2010||||xxu|||||s|||||000\|\eng\d
=040  \\ $a PGUSA $b eng
=042  \\ $a dc
=050  \4$aPQ
=100  1\ $a Saintsbury, George, $d 1845-1933
=245  12 $a A Short History of French Literature $h [electronic resource] / $c George Saintsbury
=260  \\ $b Project Gutenberg, $c 2010
=506  \\ $a Public domain in the USA.
=516  \\ $a Text
=653  \\ $a French literature -- History and criticism
=830  \0 $a Project Gutenberg $v 33062
=856  40 $u http://www.gutenberg.org/ebooks/33062

