=LDR  00646nas  2200217uu 4500
=000  00568cam\a22001693a\4500
=001  33063
=003  PGUSA
=005  20161217030020.0
=008  100703s2010||||xxu|||||s|||||000\|\eng\d
=040  \\ $a PGUSA $b eng
=042  \\ $a dc
=050  \4$aQA
=100  1\ $a Wentworth, G. A. $q (George Albert), $d 1835-1906
=245  10 $a Plane Geometry $h [electronic resource] / $c G. A. Wentworth
=260  \\ $b Project Gutenberg, $c 2010
=506  \\ $a Public domain in the USA.
=516  \\ $a Text
=653  \\ $a Geometry, Plane
=830  \0 $a Project Gutenberg $v 33063
=856  40 $u http://www.gutenberg.org/ebooks/33063

