=LDR  00664nas  2200229uu 4500
=000  00568cam\a22001693a\4500
=001  33064
=003  PGUSA
=005  20161217030020.0
=008  100703s2010||||xxu|||||s|||||000\1\eng\d
=040  \\ $a PGUSA $b eng
=042  \\ $a dc
=050  \4$aPS
=100  1\ $a MacHarg, William, $d 1872-1951
=245  14 $a The Blind Man's Eyes $h [electronic resource] / $c William MacHarg
=260  \\ $b Project Gutenberg, $c 2010
=506  \\ $a Public domain in the USA.
=516  \\ $a Text
=653  \\ $a Mystery fiction
=653  \\ $a Love stories
=830  \0 $a Project Gutenberg $v 33064
=856  40 $u http://www.gutenberg.org/ebooks/33064

