=LDR  00693nas  2200241uu 4500
=000  00568cam\a22001693a\4500
=001  33066
=003  PGUSA
=005  20161217030020.0
=008  100703s2010||||xxu|||||s|||||000\1\eng\d
=040  \\ $a PGUSA $b eng
=042  \\ $a dc
=050  \4$aPS
=100  1\ $a Brand, Max, $d 1892-1944
=245  14 $a The Garden of Eden $h [electronic resource] / $c Max Brand
=260  \\ $b Project Gutenberg, $c 2010
=506  \\ $a Public domain in the USA.
=516  \\ $a Text
=653  \\ $a Horses -- Fiction
=653  \\ $a Western stories
=653  \\ $a Religion -- Fiction
=830  \0 $a Project Gutenberg $v 33066
=856  40 $u http://www.gutenberg.org/ebooks/33066

