=LDR  00701nas  2200217uu 4500
=000  00568cam\a22001693a\4500
=001  33072
=003  PGUSA
=005  20161217030020.0
=008  100704s2010||||xxu|||||s|||||000\|\eng\d
=040  \\ $a PGUSA $b eng
=042  \\ $a dc
=050  \4$aPR
=100  1\ $a Brewer, Luther Albertus, $d 1858-1933
=245  10 $a Stevenson's Perfect Virtues, as Exemplified by Leigh Hunt $h [electronic resource] / $c Luther Albertus Brewer
=260  \\ $b Project Gutenberg, $c 2010
=506  \\ $a Public domain in the USA.
=516  \\ $a Text
=653  \\ $a Hunt, Leigh, 1784-1859 -- Ethics
=830  \0 $a Project Gutenberg $v 33072
=856  40 $u http://www.gutenberg.org/ebooks/33072

