=LDR  00627nas  2200229uu 4500
=000  00568cam\a22001693a\4500
=001  33073
=003  PGUSA
=005  20161217030020.0
=008  100704s2010||||xxu|||||s|||||000\p\eng\d
=040  \\ $a PGUSA $b eng
=042  \\ $a dc
=050  \4$aBX
=050  \4$aPS
=100  1\ $a Unknown
=245  14 $a The Arm Chair $h [electronic resource] / $c Unknown
=260  \\ $b Project Gutenberg, $c 2010
=506  \\ $a Public domain in the USA.
=516  \\ $a Text
=653  \\ $a Society of Friends -- Poetry
=830  \0 $a Project Gutenberg $v 33073
=856  40 $u http://www.gutenberg.org/ebooks/33073

