=LDR  00717nas  2200241uu 4500
=000  00568cam\a22001693a\4500
=001  33074
=003  PGUSA
=005  20161217030020.0
=008  100704s2010||||xxu|||||s|||||000\|\eng\d
=040  \\ $a PGUSA $b eng
=042  \\ $a dc
=050  \4$aSF
=100  1\ $a Spencer, Sanders, $d 1840-
=245  14 $a The Pig : $b Breeding, Rearing, and Marketing $h [electronic resource] / $c Sanders Spencer
=260  \\ $b Project Gutenberg, $c 2010
=506  \\ $a Public domain in the USA.
=516  \\ $a Text
=653  \\ $a Swine -- Breeding
=653  \\ $a Swine
=653  \\ $a Swine -- Marketing
=830  \0 $a Project Gutenberg $v 33074
=856  40 $u http://www.gutenberg.org/ebooks/33074

