=LDR  00875nas  2200265uu 4500
=000  00568cam\a22001693a\4500
=001  33075
=003  PGUSA
=005  20161217030020.0
=008  100704s2010||||xxu|||||s|||||000\1\dut\d
=040  \\ $a PGUSA $b dut
=042  \\ $a dc
=050  \4$aPQ
=100  1\ $a Verne, Jules, $d 1828-1905
=245  10 $a Het Stoomhuis : $b De IJzeren Reus (1/2) $h [electronic resource] / $c Jules Verne
=260  \\ $b Project Gutenberg, $c 2010
=500  \\ $a Translation of La maison à vapeur (v. 1).
=506  \\ $a Public domain in the USA.
=516  \\ $a Text
=653  \\ $a Mutiny -- India -- Fiction
=653  \\ $a British -- India -- Fiction
=653  \\ $a India -- History -- Sepoy Rebellion, 1857-1858 -- Fiction
=653  \\ $a Adventure stories
=830  \0 $a Project Gutenberg $v 33075
=856  40 $u http://www.gutenberg.org/ebooks/33075

