=LDR  00840nas  2200229uu 4500
=000  00568cam\a22001693a\4500
=001  33076
=003  PGUSA
=005  20161217030020.0
=008  100704s2010||||xxu|||||s|||||000\|\eng\d
=040  \\ $a PGUSA $b eng
=042  \\ $a dc
=050  \4$aBF
=100  1\ $a Hilton, Warren, $d 1874-1958
=245  10 $a Applied Psychology : $b Driving Power of Thought : $b Being the Third in a Series of Twelve Volumes on the Applications of Psychology to the Problems of Personal and Business Efficiency $h [electronic resource] / $c Warren Hilton
=260  \\ $b Project Gutenberg, $c 2010
=506  \\ $a Public domain in the USA.
=516  \\ $a Text
=653  \\ $a Psychology, Applied
=653  \\ $a Employees -- Recruiting
=830  \0 $a Project Gutenberg $v 33076
=856  40 $u http://www.gutenberg.org/ebooks/33076

