=LDR  00812nas  2200241uu 4500
=000  00568cam\a22001693a\4500
=001  33077
=003  PGUSA
=005  20161217030020.0
=008  100704s2010||||xxu|||||s|||||000\|\eng\d
=040  \\ $a PGUSA $b eng
=042  \\ $a dc
=050  \4$aE660
=050  \4$aDS
=100  1\ $a Twain, Mark, $d 1835-1910
=245  14 $a The Treaty With China, its Provisions Explained : $b $b New York Tribune, Tuesday, August 28, 1868 $h [electronic resource] / $c Mark Twain
=260  \\ $b Project Gutenberg, $c 2010
=506  \\ $a Public domain in the USA.
=516  \\ $a Text
=653  \\ $a United States -- Foreign relations -- China
=653  \\ $a China -- Foreign relations -- United States
=830  \0 $a Project Gutenberg $v 33077
=856  40 $u http://www.gutenberg.org/ebooks/33077

