=LDR  00655nas  2200217uu 4500
=000  00568cam\a22001693a\4500
=001  33079
=003  PGUSA
=005  20161217030020.0
=008  100704s2010||||xxu|||||s|||||000\|\eng\d
=040  \\ $a PGUSA $b eng
=042  \\ $a dc
=050  \4$aG
=100  1\ $a Hunt, Eleonora
=245  10 $a My Trip Around the World : $b August, 1895-May, 1896 $h [electronic resource] / $c Eleonora Hunt
=260  \\ $b Project Gutenberg, $c 2010
=506  \\ $a Public domain in the USA.
=516  \\ $a Text
=653  \\ $a Voyages around the world
=830  \0 $a Project Gutenberg $v 33079
=856  40 $u http://www.gutenberg.org/ebooks/33079

