=LDR  00808nas  2200241uu 4500
=000  00568cam\a22001693a\4500
=001  33080
=003  PGUSA
=005  20161217030020.0
=008  100705s2010||||xxu|||||s|||||000\|\eng\d
=040  \\ $a PGUSA $b eng
=042  \\ $a dc
=050  \4$aPR
=100  1\ $a Cibber, Colley, $d 1671-1757
=245  12 $a A Letter from Mr. Cibber to Mr. Pope $h [electronic resource] / $c Colley Cibber
=260  \\ $b Project Gutenberg, $c 2010
=506  \\ $a Public domain in the USA.
=516  \\ $a Text
=653  \\ $a Pope, Alexander, 1688-1744 -- Correspondence
=653  \\ $a Dramatists, English -- 18th century -- Correspondence
=653  \\ $a Cibber, Colley, 1671-1757 -- Correspondence
=830  \0 $a Project Gutenberg $v 33080
=856  40 $u http://www.gutenberg.org/ebooks/33080

