=LDR  00652nas  2200217uu 4500
=000  00568cam\a22001693a\4500
=001  33081
=003  PGUSA
=005  20161217030020.0
=008  100705s2010||||xxu|||||s|||||000\1\eng\d
=040  \\ $a PGUSA $b eng
=042  \\ $a dc
=050  \4$aPR
=100  1\ $a Muyden, Evert van, $d 1853-1922
=245  10 $a Sir Jasper Carew : $b His Life and Experience $h [electronic resource] / $c Evert van Muyden
=260  \\ $b Project Gutenberg, $c 2010
=506  \\ $a Public domain in the USA.
=516  \\ $a Text
=653  \\ $a Fiction
=830  \0 $a Project Gutenberg $v 33081
=856  40 $u http://www.gutenberg.org/ebooks/33081

