=LDR  00898nas  2200253uu 4500
=000  00568cam\a22001693a\4500
=001  33082
=003  PGUSA
=005  20161217030020.0
=008  100705s2010||||xxu|||||s|||||000\1\eng\d
=040  \\ $a PGUSA $b eng
=042  \\ $a dc
=050  \4$aPR
=100  1\ $a Browne, Hablot Knight, $d 1815-1882
=245  10 $a Jack Hinton : $b The Guardsman $h [electronic resource] / $c Hablot Knight Browne
=260  \\ $b Project Gutenberg, $c 2010
=506  \\ $a Public domain in the USA.
=516  \\ $a Text
=653  \\ $a Soldiers -- Great Britain -- Fiction
=653  \\ $a Ireland -- Social life and customs -- 19th century -- Fiction
=653  \\ $a Dublin (Ireland) -- Social life and customs -- 19th century -- Fiction
=653  \\ $a Veterans -- Great Britain -- Fiction
=830  \0 $a Project Gutenberg $v 33082
=856  40 $u http://www.gutenberg.org/ebooks/33082

