=LDR  00779nas  2200217uu 4500
=000  00568cam\a22001693a\4500
=001  33083
=003  PGUSA
=005  20161217030020.0
=008  100705s2010||||xxu|||||s|||||000\|\fre\d
=040  \\ $a PGUSA $b fre
=042  \\ $a dc
=050  \4$aQA
=100  1\ $a Salvert, François de
=245  10 $a Étude sur le Mouvement Permanent des Fluides : $b $b Thèses Présentées à la Faculté des Sciences de Paris pour Obtenir le Grade de Docteur ès Sciences Mathématiques $h [electronic resource] / $c François de Salvert
=260  \\ $b Project Gutenberg, $c 2010
=506  \\ $a Public domain in the USA.
=516  \\ $a Text
=653  \\ $a Hydrodynamics
=830  \0 $a Project Gutenberg $v 33083
=856  40 $u http://www.gutenberg.org/ebooks/33083

