=LDR  00568nas  2200205uu 4500
=000  00568cam\a22001693a\4500
=001  33084
=003  PGUSA
=005  20161217030020.0
=008  100705s2010||||xxu|||||s|||||000\|\eng\d
=040  \\ $a PGUSA $b eng
=042  \\ $a dc
=050  \4$aSF
=245  10 $a Practical Angora Goat Raising $h [electronic resource]
=260  \\ $b Project Gutenberg, $c 2010
=506  \\ $a Public domain in the USA.
=516  \\ $a Text
=653  \\ $a Angora goat
=830  \0 $a Project Gutenberg $v 33084
=856  40 $u http://www.gutenberg.org/ebooks/33084

