=LDR  00828nas  2200229uu 4500
=000  00568cam\a22001693a\4500
=001  33085
=003  PGUSA
=005  20161217030020.0
=008  100705s2010||||xxu|||||s|||||000\|\eng\d
=040  \\ $a PGUSA $b eng
=042  \\ $a dc
=050  \4$aPR
=100  1\ $a Shaw, Bernard, $d 1856-1950
=245  14 $a The Admirable Bashville; Or, Constancy Unrewarded : $b $b Being the Novel of Cashel Byron's Profession Done into a Stage Play in Three Acts and in Blank Verse, with a Note on Modern Prize Fighting $h [electronic resource] / $c Bernard Shaw
=260  \\ $b Project Gutenberg, $c 2010
=506  \\ $a Public domain in the USA.
=516  \\ $a Text
=653  \\ $a Boxing -- Drama
=653  \\ $a Boxing
=830  \0 $a Project Gutenberg $v 33085
=856  40 $u http://www.gutenberg.org/ebooks/33085

