=LDR  00725nas  2200217uu 4500
=000  00568cam\a22001693a\4500
=001  33086
=003  PGUSA
=005  20161217030020.0
=008  100705s2010||||xxu|||||s|||||000\1\eng\d
=040  \\ $a PGUSA $b eng
=042  \\ $a dc
=050  \4$aPR
=100  1\ $a Walpole, Hugh, $c Sir, $d 1884-1941
=245  14 $a The Duchess of Wrexe, Her Decline and Death; A Romantic Commentary $h [electronic resource] / $c Hugh, Walpole
=260  \\ $b Project Gutenberg, $c 2010
=506  \\ $a Public domain in the USA.
=516  \\ $a Text
=653  \\ $a Great Britain -- History -- Victoria, 1837-1901 -- Fiction
=830  \0 $a Project Gutenberg $v 33086
=856  40 $u http://www.gutenberg.org/ebooks/33086

