=LDR  01333nas  2200229uu 4500
=000  00568cam\a22001693a\4500
=001  33087
=003  PGUSA
=005  20161217030020.0
=008  100705s2010||||xxu|||||s|||||000\e\eng\d
=040  \\ $a PGUSA $b eng
=042  \\ $a dc
=050  \4$aPR
=100  1\ $a Yeats, W. B. $q (William Butler), $d 1865-1939
=245  10 $a Discoveries : $b A Volume of Essays $h [electronic resource] / $c W. B. Yeats
=260  \\ $b Project Gutenberg, $c 2010
=505  0\ $a Prophet, priest and king -- Personality and the intellectual essences -- The musician and the orator -- A banjo player -- The looking-glass -- The tree of life -- The praise of old wives' tales -- The play of modern manners -- Has the drama of contemporary life a root of its own -- Why the blind man in ancient times was made a poet -- Concerning saints and artists -- The subject matter of drama -- The two kinds of asceticism -- In the serpent's mouth -- The black and the white arrows -- His mistress's eyebrows -- The tresses of the hair -- A tower on the Apennine -- The thinking of the body -- Religious belief necessary to symbolic art -- The holy places.
=506  \\ $a Public domain in the USA.
=516  \\ $a Text
=653  \\ $a Essays
=830  \0 $a Project Gutenberg $v 33087
=856  40 $u http://www.gutenberg.org/ebooks/33087

