=LDR  00660nas  2200217uu 4500
=000  00568cam\a22001693a\4500
=001  33088
=003  PGUSA
=005  20161217030020.0
=008  100705s2010||||xxu|||||s|||||000\|\eng\d
=040  \\ $a PGUSA $b eng
=042  \\ $a dc
=050  \4$aHF
=100  1\ $a Bolles, Albert Sidney, $d 1846-1939
=245  10 $a Putnam's Handy Law Book for the Layman $h [electronic resource] / $c Albert Sidney Bolles
=260  \\ $b Project Gutenberg, $c 2010
=506  \\ $a Public domain in the USA.
=516  \\ $a Text
=653  \\ $a Commercial law
=830  \0 $a Project Gutenberg $v 33088
=856  40 $u http://www.gutenberg.org/ebooks/33088

