=LDR  00615nas  2200205uu 4500
=000  00568cam\a22001693a\4500
=001  33089
=003  PGUSA
=005  20161217030020.0
=008  100705s2010||||xxu|||||s|||||000\p\eng\d
=040  \\ $a PGUSA $b eng
=042  \\ $a dc
=050  \4$aPH
=245  10 $a Kalevala, The Land of the Heroes, Volume Two $h [electronic resource]
=260  \\ $b Project Gutenberg, $c 2010
=506  \\ $a Public domain in the USA.
=516  \\ $a Text
=653  \\ $a Finnish poetry -- Translations into English
=830  \0 $a Project Gutenberg $v 33089
=856  40 $u http://www.gutenberg.org/ebooks/33089

