=LDR  00733nas  2200229uu 4500
=000  00568cam\a22001693a\4500
=001  33090
=003  PGUSA
=005  20161217030020.0
=008  100705s2010||||xxu|||||s|||||000\1\ger\d
=040  \\ $a PGUSA $b ger
=042  \\ $a dc
=050  \4$aPT
=100  1\ $a Dahn, Felix, $d 1834-1912
=245  14 $a Ein Kampf um Rom : $b Historischer Roman. Zweiter Band $h [electronic resource] / $c Felix Dahn
=260  \\ $b Project Gutenberg, $c 2010
=506  \\ $a Public domain in the USA.
=516  \\ $a Text
=653  \\ $a Byzantine Empire -- Fiction
=653  \\ $a Rome -- History -- Empire, 284-476 -- Fiction
=830  \0 $a Project Gutenberg $v 33090
=856  40 $u http://www.gutenberg.org/ebooks/33090

