=LDR  00770nas  2200217uu 4500
=000  00568cam\a22001693a\4500
=001  33091
=003  PGUSA
=005  20161217030020.0
=008  100705s2010||||xxu|||||s|||||000\1\eng\d
=040  \\ $a PGUSA $b eng
=042  \\ $a dc
=050  \4$aPS
=100  1\ $a Bennet, Robert Ames, $d 1870-1954
=245  12 $a A Volunteer with Pike : $b $b The True Narrative of One Dr. John Robinson and of His Love for the Fair Señorita Vallois $h [electronic resource] / $c Robert Ames Bennet
=260  \\ $b Project Gutenberg, $c 2010
=506  \\ $a Public domain in the USA.
=516  \\ $a Text
=653  \\ $a Pike, Zebulon Montgomery, 1779-1813 -- Fiction
=830  \0 $a Project Gutenberg $v 33091
=856  40 $u http://www.gutenberg.org/ebooks/33091

