=LDR  00780nas  2200229uu 4500
=000  00568cam\a22001693a\4500
=001  33093
=003  PGUSA
=005  20161217030020.0
=008  100705s2010||||xxu|||||s|||||000\|\eng\d
=040  \\ $a PGUSA $b eng
=042  \\ $a dc
=050  \4$aQA
=100  1\ $a Record, Robert, $d -1558
=245  14 $a The Path-Way to Knowledg, Containing the First Principles of Geometrie $h [electronic resource] / $c Robert Record
=260  \\ $b Project Gutenberg, $c 2010
=506  \\ $a Public domain in the USA.
=516  \\ $a Text
=653  \\ $a Geometry -- Early works to 1800
=740  0\ $a The Path-Way to Knowledge, Containing the First Principles of Geometry
=830  \0 $a Project Gutenberg $v 33093
=856  40 $u http://www.gutenberg.org/ebooks/33093

