=LDR  01026nas  2200241uu 4500
=000  00568cam\a22001693a\4500
=001  33094
=003  PGUSA
=005  20161217030020.0
=008  100706s2010||||xxu|||||s|||||000\p\eng\d
=040  \\ $a PGUSA $b eng
=042  \\ $a dc
=050  \4$aPR
=100  1\ $a Yeats, W. B. $q (William Butler), $d 1865-1939
=245  14 $a The Cutting of an Agate $h [electronic resource] / $c W. B. Yeats
=260  \\ $b Project Gutenberg, $c 2010
=505  0\ $a Thoughts on Lady Gregory's translations -- Preface to the first edition of The well of the saints -- Discoveries -- Poetry and tradition -- Preface to the first edition of John M. Synge's poems and translations -- J.M. Synge and the Ireland of his time -- The tragic theatre -- John Shawe-Taylor -- Edmund Spenser.
=506  \\ $a Public domain in the USA.
=516  \\ $a Text
=653  \\ $a Essays
=653  \\ $a Literature -- History and criticism
=830  \0 $a Project Gutenberg $v 33094
=856  40 $u http://www.gutenberg.org/ebooks/33094

