=LDR  00780nas  2200241uu 4500
=000  00568cam\a22001693a\4500
=001  33095
=003  PGUSA
=005  20161217030020.0
=008  100706s2010||||xxu|||||s|||||000\|\eng\d
=040  \\ $a PGUSA $b eng
=042  \\ $a dc
=050  \4$aE011
=100  1\ $a Lummis, Charles Fletcher, $d 1859-1928
=245  14 $a The Spanish Pioneers $h [electronic resource] / $c Charles Fletcher Lummis
=260  \\ $b Project Gutenberg, $c 2010
=506  \\ $a Public domain in the USA.
=516  \\ $a Text
=653  \\ $a New Mexico -- History
=653  \\ $a Peru -- History -- Conquest, 1522-1548
=653  \\ $a America -- Discovery and exploration -- Spanish
=830  \0 $a Project Gutenberg $v 33095
=856  40 $u http://www.gutenberg.org/ebooks/33095

