=LDR  00719nas  2200229uu 4500
=000  00568cam\a22001693a\4500
=001  33096
=003  PGUSA
=005  20161217030020.0
=008  100706s2010||||xxu|||||s|||||000\1\eng\d
=040  \\ $a PGUSA $b eng
=042  \\ $a dc
=050  \4$aPR
=100  1\ $a Brown, Ivor John Carnegie, $d 1891-1974
=245  10 $a Years of Plenty $h [electronic resource] / $c Ivor John Carnegie Brown
=260  \\ $b Project Gutenberg, $c 2010
=506  \\ $a Public domain in the USA.
=516  \\ $a Text
=653  \\ $a University of Oxford -- Fiction
=653  \\ $a Boarding schools -- England -- Fiction
=830  \0 $a Project Gutenberg $v 33096
=856  40 $u http://www.gutenberg.org/ebooks/33096

