=LDR  00794nas  2200241uu 4500
=000  00568cam\a22001693a\4500
=001  33098
=003  PGUSA
=005  20161217030020.0
=008  100706s2010||||xxu|||||s|||||000\|\eng\d
=040  \\ $a PGUSA $b eng
=042  \\ $a dc
=050  \4$aVM
=100  1\ $a Holmes, George Charles Vincent, $c Sir, $d 1848-1926
=245  10 $a Ancient and Modern Ships, Part 1 : $b Wooden Sailing Ships $h [electronic resource] / $c George Charles Vincent, Holmes
=260  \\ $b Project Gutenberg, $c 2010
=506  \\ $a Public domain in the USA.
=516  \\ $a Text
=653  \\ $a Ships -- History
=653  \\ $a Shipbuilding -- History
=653  \\ $a Sailing ships -- History
=830  \0 $a Project Gutenberg $v 33098
=856  40 $u http://www.gutenberg.org/ebooks/33098

