=LDR  00714nas  2200217uu 4500
=000  00568cam\a22001693a\4500
=001  33100
=003  PGUSA
=005  20161217030020.0
=008  100706s2010||||xxu|||||s|||||000\1\fin\d
=040  \\ $a PGUSA $b fin
=042  \\ $a dc
=050  \4$aPT
=100  1\ $a Lempiranta, Arvo, $d 1860-1914
=245  10 $a Erkki Ollikainen : $b $b Historiallis-romantillinen kertomus Sandels'in sotaliikkeistä Itä-Suomessa v. 1808 $h [electronic resource] / $c Arvo Lempiranta
=260  \\ $b Project Gutenberg, $c 2010
=506  \\ $a Public domain in the USA.
=516  \\ $a Text
=653  \\ $a Fiction
=830  \0 $a Project Gutenberg $v 33100
=856  40 $u http://www.gutenberg.org/ebooks/33100

