=LDR  00644nas  2200217uu 4500
=000  00568cam\a22001693a\4500
=001  33101
=003  PGUSA
=005  20161217030020.0
=008  100706s2010||||xxu|||||s|||||000\1\eng\d
=040  \\ $a PGUSA $b eng
=042  \\ $a dc
=050  \4$aPS
=100  1\ $a Ovington, Mary White, $d 1865-1951
=245  14 $a The Shadow $h [electronic resource] / $c Mary White Ovington
=260  \\ $b Project Gutenberg, $c 2010
=506  \\ $a Public domain in the USA.
=516  \\ $a Text
=653  \\ $a African Americans -- Fiction
=830  \0 $a Project Gutenberg $v 33101
=856  40 $u http://www.gutenberg.org/ebooks/33101

