=LDR  00800nas  2200241uu 4500
=000  00568cam\a22001693a\4500
=001  33102
=003  PGUSA
=005  20161217030020.0
=008  100707s2010||||xxu|||||s|||||000\|\eng\d
=040  \\ $a PGUSA $b eng
=042  \\ $a dc
=050  \4$aRM
=100  1\ $a Appel, Toby A., $d 1945-
=245  10 $a Bloodletting Instruments in the National Museum of History and Technology $h [electronic resource] / $c Toby A. Appel
=260  \\ $b Project Gutenberg, $c 2010
=506  \\ $a Public domain in the USA.
=516  \\ $a Text
=653  \\ $a Phlebotomy -- History
=653  \\ $a Phlebotomy -- Instruments -- Catalogs
=653  \\ $a National Museum of History and Technology
=830  \0 $a Project Gutenberg $v 33102
=856  40 $u http://www.gutenberg.org/ebooks/33102

