=LDR  00715nas  2200241uu 4500
=000  00568cam\a22001693a\4500
=001  33103
=003  PGUSA
=005  20161217030020.0
=008  100707s2010||||xxu|||||s|||||000\1\eng\d
=040  \\ $a PGUSA $b eng
=042  \\ $a dc
=050  \4$aPR
=100  1\ $a Coke, Desmond, $d 1879-1931
=245  10 $a Helena Brett's Career $h [electronic resource] / $c Desmond Coke
=260  \\ $b Project Gutenberg, $c 2010
=506  \\ $a Public domain in the USA.
=516  \\ $a Text
=653  \\ $a Authors -- Fiction
=653  \\ $a Married people -- Fiction
=653  \\ $a Authorship -- Fiction
=830  \0 $a Project Gutenberg $v 33103
=856  40 $u http://www.gutenberg.org/ebooks/33103

