=LDR  00689nas  2200229uu 4500
=000  00568cam\a22001693a\4500
=001  33105
=003  PGUSA
=005  20161217030020.0
=008  100707s2010||||xxu|||||s|||||000\|\eng\d
=040  \\ $a PGUSA $b eng
=042  \\ $a dc
=050  \4$aPM
=100  1\ $a Eells, Myron, $d 1843-1907
=245  10 $a Hymns in the Chinook Jargon Language $h [electronic resource] / $c Myron Eells
=260  \\ $b Project Gutenberg, $c 2010
=506  \\ $a Public domain in the USA.
=516  \\ $a Text
=653  \\ $a Chinook jargon -- Texts
=653  \\ $a Hymns, Chinook jargon
=830  \0 $a Project Gutenberg $v 33105
=856  40 $u http://www.gutenberg.org/ebooks/33105

