=LDR  00876nas  2200253uu 4500
=000  00568cam\a22001693a\4500
=001  33107
=003  PGUSA
=005  20161217030020.0
=008  100707s2010||||xxu|||||s|||||000\|\eng\d
=040  \\ $a PGUSA $b eng
=042  \\ $a dc
=050  \4$aDA
=100  1\ $a Moody, Joel, $d 1834-1914
=245  10 $a Junius Unmasked : $b $b Or, Thomas Paine the author of the Letters of Junius and the Declaration of Independence $h [electronic resource] / $c Joel Moody
=260  \\ $b Project Gutenberg, $c 2010
=506  \\ $a Public domain in the USA.
=516  \\ $a Text
=653  \\ $a Francis, Philip, 1740-1818
=653  \\ $a Paine, Thomas, 1737-1809
=653  \\ $a United States. Declaration of Independence
=653  \\ $a Junius, active 18th century
=830  \0 $a Project Gutenberg $v 33107
=856  40 $u http://www.gutenberg.org/ebooks/33107

