=LDR  00672nas  2200217uu 4500
=000  00568cam\a22001693a\4500
=001  33108
=003  PGUSA
=005  20161217030020.0
=008  100707s2010||||xxu|||||s|||||000\|\eng\d
=040  \\ $a PGUSA $b eng
=042  \\ $a dc
=050  \4$aF001
=100  1\ $a Chamberlain, J. N.
=245  10 $a Souvenir of Gay Head : $b Indelible Photographs $h [electronic resource] / $c J. N. Chamberlain
=260  \\ $b Project Gutenberg, $c 2010
=506  \\ $a Public domain in the USA.
=516  \\ $a Text
=653  \\ $a Gay Head (Mass.) -- Pictorial works
=830  \0 $a Project Gutenberg $v 33108
=856  40 $u http://www.gutenberg.org/ebooks/33108

