=LDR  00745nas  2200229uu 4500
=000  00568cam\a22001693a\4500
=001  33109
=003  PGUSA
=005  20161217030020.0
=008  100707s2010||||xxu|||||s|||||000\|\eng\d
=040  \\ $a PGUSA $b eng
=042  \\ $a dc
=050  \4$aPN
=100  1\ $a Wortabet, John, $d 1827-1908
=245  10 $a Arabian Wisdom : $b Selections and Translations from the Arabic $h [electronic resource] / $c John Wortabet
=260  \\ $b Project Gutenberg, $c 2010
=506  \\ $a Public domain in the USA.
=516  \\ $a Text
=653  \\ $a Aphorisms and apothegms
=653  \\ $a Arabic literature -- Translations into English
=830  \0 $a Project Gutenberg $v 33109
=856  40 $u http://www.gutenberg.org/ebooks/33109

