=LDR  00846nas  2200265uu 4500
=000  00568cam\a22001693a\4500
=001  33111
=003  PGUSA
=005  20161217030020.0
=008  100708s2010||||xxu|||||s|||||000\|\eng\d
=040  \\ $a PGUSA $b eng
=042  \\ $a dc
=050  \4$aHQ
=100  1\ $a Engels, Friedrich, $d 1820-1895
=245  14 $a The Origin of the Family, Private Property and the State $h [electronic resource] / $c Friedrich Engels
=260  \\ $b Project Gutenberg, $c 2010
=506  \\ $a Public domain in the USA.
=516  \\ $a Text
=653  \\ $a State, The
=653  \\ $a Primitive societies
=653  \\ $a Property -- History
=653  \\ $a Families -- History
=653  \\ $a Morgan, Lewis Henry, 1818-1881. Ancient society
=830  \0 $a Project Gutenberg $v 33111
=856  40 $u http://www.gutenberg.org/ebooks/33111

