=LDR  00643nas  2200217uu 4500
=000  00568cam\a22001693a\4500
=001  33112
=003  PGUSA
=005  20161217030020.0
=008  100708s2010||||xxu|||||s|||||000\p\eng\d
=040  \\ $a PGUSA $b eng
=042  \\ $a dc
=050  \4$aPS
=100  1\ $a Cawein, Madison Julius, $d 1865-1914
=245  10 $a Shapes and Shadows $h [electronic resource] / $c Madison Julius Cawein
=260  \\ $b Project Gutenberg, $c 2010
=506  \\ $a Public domain in the USA.
=516  \\ $a Text
=653  \\ $a American poetry
=830  \0 $a Project Gutenberg $v 33112
=856  40 $u http://www.gutenberg.org/ebooks/33112

