=LDR  01105nas  2200265uu 4500
=000  00568cam\a22001693a\4500
=001  33113
=003  PGUSA
=005  20161217030020.0
=008  100708s2010||||xxu|||||s|||||000\|\eng\d
=040  \\ $a PGUSA $b eng
=042  \\ $a dc
=050  \4$aDA
=100  1\ $a Froude, James Anthony, $d 1818-1894
=245  14 $a The Divorce of Catherine of Aragon : $b $b The Story as Told by the Imperial Ambassadors Resident at the Court of Henry VIII $h [electronic resource] / $c James Anthony Froude
=260  \\ $b Project Gutenberg, $c 2010
=506  \\ $a Public domain in the USA.
=516  \\ $a Text
=653  \\ $a Great Britain -- Kings and rulers -- Biography
=653  \\ $a Great Britain -- History -- Henry VIII, 1509-1547 -- Biography
=653  \\ $a Divorce -- Great Britain -- History -- 16th century
=653  \\ $a Henry VIII, King of England, 1491-1547 -- Divorce
=653  \\ $a Catharine, of Aragon, Queen, consort of Henry VIII, King of England, 1485-1536 -- Divorce
=830  \0 $a Project Gutenberg $v 33113
=856  40 $u http://www.gutenberg.org/ebooks/33113

