=LDR  00788nas  2200241uu 4500
=000  00568cam\a22001693a\4500
=001  33114
=003  PGUSA
=005  20161217030020.0
=008  100708s2010||||xxu|||||s|||||000\1\eng\d
=040  \\ $a PGUSA $b eng
=042  \\ $a dc
=050  \4$aPQ
=100  1\ $a Sue, Eugène, $d 1804-1857
=240  10 $a Les tenailles de fer. $l English
=245  14 $a The Iron Pincers; or, Mylio and Karvel : $b A Tale of the Albigensian Crusades $h [electronic resource] / $c Eugène Sue
=260  \\ $b Project Gutenberg, $c 2010
=506  \\ $a Public domain in the USA.
=516  \\ $a Text
=653  \\ $a Albigenses -- Fiction
=740  0\ $a Les tenailles de fer. English
=830  \0 $a Project Gutenberg $v 33114
=856  40 $u http://www.gutenberg.org/ebooks/33114

