=LDR  00778nas  2200253uu 4500
=000  00568cam\a22001693a\4500
=001  33117
=003  PGUSA
=005  20161217030020.0
=008  100708s2010||||xxu|||||s|||||000\1\eng\d
=040  \\ $a PGUSA $b eng
=042  \\ $a dc
=050  \4$aPS
=100  1\ $a O'Brien, Howard Vincent, $d 1888-1947
=245  10 $a Thirty $h [electronic resource] / $c Howard Vincent O'Brien
=260  \\ $b Project Gutenberg, $c 2010
=506  \\ $a Public domain in the USA.
=516  \\ $a Text
=653  \\ $a Journalists -- Fiction
=653  \\ $a Man-woman relationships -- Fiction
=653  \\ $a Rich people -- Fiction
=653  \\ $a Social classes -- Fiction
=830  \0 $a Project Gutenberg $v 33117
=856  40 $u http://www.gutenberg.org/ebooks/33117

