=LDR  00884nas  2200241uu 4500
=000  00568cam\a22001693a\4500
=001  33118
=003  PGUSA
=005  20161217030020.0
=008  100708s2010||||xxu|||||s|||||000\1\eng\d
=040  \\ $a PGUSA $b eng
=042  \\ $a dc
=050  \4$aPS
=100  1\ $a Hurst, Fannie, $d 1889-1968
=245  10 $a Just Around the Corner : $b Romance en casserole $h [electronic resource] / $c Fannie Hurst
=260  \\ $b Project Gutenberg, $c 2010
=505  0\ $a Power and horse-power -- Other people's shoes -- The other cheek -- Marked down -- Breakers ahead -- The good provider -- Superman -- The paradise trail -- The squall.
=506  \\ $a Public domain in the USA.
=516  \\ $a Text
=653  \\ $a New York (N.Y.) -- Fiction
=653  \\ $a Short stories
=830  \0 $a Project Gutenberg $v 33118
=856  40 $u http://www.gutenberg.org/ebooks/33118

