=LDR  00895nas  2200241uu 4500
=000  00568cam\a22001693a\4500
=001  33119
=003  PGUSA
=005  20161217030020.0
=008  100708s2010||||xxu|||||s|||||000\|\eng\d
=040  \\ $a PGUSA $b eng
=042  \\ $a dc
=050  \4$aD501
=100  1\ $a Kilner, Frederic Richard, $d 1892-
=245  10 $a Battery E in France : $b 149th Field Artillery, Rainbow (42nd) Division $h [electronic resource] / $c Frederic Richard Kilner
=260  \\ $b Project Gutenberg, $c 2010
=506  \\ $a Public domain in the USA.
=516  \\ $a Text
=653  \\ $a United States. Army. Field Artillery, 149th -- Regimental histories
=653  \\ $a World War, 1914-1918 -- Regimental histories -- United States
=653  \\ $a Artillery, Field and mountain -- United States
=830  \0 $a Project Gutenberg $v 33119
=856  40 $u http://www.gutenberg.org/ebooks/33119

