=LDR  00622nas  2200217uu 4500
=000  00568cam\a22001693a\4500
=001  33120
=003  PGUSA
=005  20161217030020.0
=008  100709s2010||||xxu|||||s|||||000\|\eng\d
=040  \\ $a PGUSA $b eng
=042  \\ $a dc
=050  \4$aGV
=100  1\ $a Berry, Elmer, $d 1879-
=245  14 $a The Forward Pass in Football $h [electronic resource] / $c Elmer Berry
=260  \\ $b Project Gutenberg, $c 2010
=506  \\ $a Public domain in the USA.
=516  \\ $a Text
=653  \\ $a Football
=830  \0 $a Project Gutenberg $v 33120
=856  40 $u http://www.gutenberg.org/ebooks/33120

