=LDR  00787nas  2200229uu 4500
=000  00568cam\a22001693a\4500
=001  33121
=003  PGUSA
=005  20161217030020.0
=008  100709s2010||||xxu|||||s|||||000\|\eng\d
=040  \\ $a PGUSA $b eng
=042  \\ $a dc
=050  \4$aE456
=100  1\ $a Haskell, Franklin Aretas, $d 1828-1864
=245  14 $a The Battle of Gettysburg $h [electronic resource] / $c Franklin Aretas Haskell
=260  \\ $b Project Gutenberg, $c 2010
=506  \\ $a Public domain in the USA.
=516  \\ $a Text
=653  \\ $a Gettysburg, Battle of, Gettysburg, Pa., 1863 -- Personal narratives
=653  \\ $a United States -- History -- Civil War, 1861-1865 -- Campaigns
=830  \0 $a Project Gutenberg $v 33121
=856  40 $u http://www.gutenberg.org/ebooks/33121

