=LDR  00684nas  2200229uu 4500
=000  00568cam\a22001693a\4500
=001  33122
=003  PGUSA
=005  20161217030020.0
=008  100709s2010||||xxu|||||s|||||000\|\eng\d
=040  \\ $a PGUSA $b eng
=042  \\ $a dc
=050  \4$aDQ
=100  1\ $a Le Mesurier, W. H.
=245  13 $a An Impromptu Ascent of Mont Blanc $h [electronic resource] / $c W. H. Le Mesurier
=260  \\ $b Project Gutenberg, $c 2010
=506  \\ $a Public domain in the USA.
=516  \\ $a Text
=653  \\ $a Mountaineering
=653  \\ $a Blanc, Mont (France and Italy)
=830  \0 $a Project Gutenberg $v 33122
=856  40 $u http://www.gutenberg.org/ebooks/33122

