=LDR  00769nas  2200241uu 4500
=000  00568cam\a22001693a\4500
=001  33123
=003  PGUSA
=005  20161217030020.0
=008  100709s2010||||xxu|||||s|||||000\1\eng\d
=040  \\ $a PGUSA $b eng
=042  \\ $a dc
=050  \4$aPS
=100  1\ $a Saltus, Edgar, $d 1855-1921
=245  12 $a A Transient Guest, and Other Episodes $h [electronic resource] / $c Edgar Saltus
=260  \\ $b Project Gutenberg, $c 2010
=505  0\ $a A transient guest -- The grand duke's rubies -- A maid of modern Athens -- Fausta.
=506  \\ $a Public domain in the USA.
=516  \\ $a Text
=653  \\ $a Short stories
=653  \\ $a Fiction
=830  \0 $a Project Gutenberg $v 33123
=856  40 $u http://www.gutenberg.org/ebooks/33123

