=LDR  00796nas  2200229uu 4500
=000  00568cam\a22001693a\4500
=001  33124
=003  PGUSA
=005  20161217030020.0
=008  100709s2010||||xxu|||||s|||||000\|\eng\d
=040  \\ $a PGUSA $b eng
=042  \\ $a dc
=050  \4$aF850.5
=100  1\ $a Granice, Harry, $d -1915
=245  10 $a Hunted Down; or, Five Days in the Fog : $b $b A Thrilling Narrative of the Escape of Young Granice from a Drunken, Infuriated Mob $h [electronic resource] / $c Harry Granice
=260  \\ $b Project Gutenberg, $c 2010
=506  \\ $a Public domain in the USA.
=516  \\ $a Text
=653  \\ $a Granice, Harry, -1915
=653  \\ $a Madden, Edward, 1850 or 1851-1874
=830  \0 $a Project Gutenberg $v 33124
=856  40 $u http://www.gutenberg.org/ebooks/33124

