=LDR  00758nas  2200217uu 4500
=000  00568cam\a22001693a\4500
=001  33125
=003  PGUSA
=005  20161217030020.0
=008  100709s2010||||xxu|||||s|||||000\|\eng\d
=040  \\ $a PGUSA $b eng
=042  \\ $a dc
=050  \4$aQL
=100  1\ $a Walter, Alice Hall, $d 1869-1945
=245  10 $a Wild Birds in City Parks : $b $b Being hints on identifying 145 birds, prepared primarily for the spring migration in Lincoln Park, Chicago $h [electronic resource] / $c Alice Hall Walter
=260  \\ $b Project Gutenberg, $c 2010
=506  \\ $a Public domain in the USA.
=516  \\ $a Text
=653  \\ $a Birds -- Illinois
=830  \0 $a Project Gutenberg $v 33125
=856  40 $u http://www.gutenberg.org/ebooks/33125

