=LDR  00767nas  2200229uu 4500
=000  00568cam\a22001693a\4500
=001  33128
=003  PGUSA
=005  20161217030020.0
=008  100711s2010||||xxu|||||s|||||000\|\|||\d
=040  \\ $a PGUSA $b $
=042  \\ $a dc
=050  \4$aBV
=245  10 $a A Collection of Gospel Hymns in Ojibway and English : $b $b Printed for International and Colportage Mission of Algoma and the North-west $h [electronic resource] / $c Anonymous
=260  \\ $b Project Gutenberg, $c 2010
=506  \\ $a Public domain in the USA.
=516  \\ $a Text
=653  \\ $a Ojibwa language -- Texts
=653  \\ $a Hymns, Ojibwa
=653  \\ $a Hymns, English
=830  \0 $a Project Gutenberg $v 33128
=856  40 $u http://www.gutenberg.org/ebooks/33128

