=LDR  00693nas  2200217uu 4500
=000  00568cam\a22001693a\4500
=001  33129
=003  PGUSA
=005  20161217030020.0
=008  100710s2010||||xxu|||||s|||||000\|\eng\d
=040  \\ $a PGUSA $b eng
=042  \\ $a dc
=050  \4$aF1201
=100  1\ $a Stephens, John L., $d 1805-1852
=245  10 $a Incidents of Travel in Yucatan, Vol. I. $h [electronic resource] / $c John L. Stephens
=260  \\ $b Project Gutenberg, $c 2010
=506  \\ $a Public domain in the USA.
=516  \\ $a Text
=653  \\ $a Yucatán (Mexico : State) -- Description and travel
=830  \0 $a Project Gutenberg $v 33129
=856  40 $u http://www.gutenberg.org/ebooks/33129

