=LDR  00646nas  2200217uu 4500
=000  00568cam\a22001693a\4500
=001  33131
=003  PGUSA
=005  20161217030020.0
=008  100710s2010||||xxu|||||s|||||000\|\eng\d
=040  \\ $a PGUSA $b eng
=042  \\ $a dc
=050  \4$aDS
=100  1\ $a Tagore, Rabindranath, $d 1861-1941
=245  14 $a The Spirit of Japan $h [electronic resource] / $c Rabindranath Tagore
=260  \\ $b Project Gutenberg, $c 2010
=506  \\ $a Public domain in the USA.
=516  \\ $a Text
=653  \\ $a Japan -- Civilization
=830  \0 $a Project Gutenberg $v 33131
=856  40 $u http://www.gutenberg.org/ebooks/33131

