=LDR  00758nas  2200241uu 4500
=000  00568cam\a22001693a\4500
=001  33132
=003  PGUSA
=005  20161217030020.0
=008  100710s2010||||xxu|||||s|||||000\|\fre\d
=040  \\ $a PGUSA $b fre
=042  \\ $a dc
=050  \4$aQA
=100  1\ $a Laurent, H. $q (Hermann), $d 1841-1908
=245  10 $a Sur les Principes Fondamentaux de la Théorie des Nombres et de la Géométrie $h [electronic resource] / $c H. Laurent
=260  \\ $b Project Gutenberg, $c 2010
=506  \\ $a Public domain in the USA.
=516  \\ $a Text
=653  \\ $a Number theory
=653  \\ $a Geometry, Analytic
=653  \\ $a Hyperspace
=830  \0 $a Project Gutenberg $v 33132
=856  40 $u http://www.gutenberg.org/ebooks/33132

