=LDR  00718nas  2200229uu 4500
=000  00568cam\a22001693a\4500
=001  33134
=003  PGUSA
=005  20161217030020.0
=008  100711s2010||||xxu|||||s|||||000\|\eng\d
=040  \\ $a PGUSA $b eng
=042  \\ $a dc
=050  \4$aQL
=100  1\ $a Bates, Katharine Lee, $d 1859-1929
=245  10 $a Sigurd Our Golden Collie, and Other Comrades of the Road $h [electronic resource] / $c Katharine Lee Bates
=260  \\ $b Project Gutenberg, $c 2010
=506  \\ $a Public domain in the USA.
=516  \\ $a Text
=653  \\ $a Dogs -- Biography
=653  \\ $a Animals -- Biography
=830  \0 $a Project Gutenberg $v 33134
=856  40 $u http://www.gutenberg.org/ebooks/33134

