=LDR  00603nas  2200205uu 4500
=000  00568cam\a22001693a\4500
=001  33136
=003  PGUSA
=005  20161217030020.0
=008  100711s2010||||xxu|||||s|||||000\|\eng\d
=040  \\ $a PGUSA $b eng
=042  \\ $a dc
=050  \4$aAP
=245  10 $a Harper's Round Table, September 17, 1895 $h [electronic resource] / $c Various
=260  \\ $b Project Gutenberg, $c 2010
=506  \\ $a Public domain in the USA.
=516  \\ $a Text
=653  \\ $a Children's periodicals
=830  \0 $a Project Gutenberg $v 33136
=856  40 $u http://www.gutenberg.org/ebooks/33136

