=LDR  00975nas  2200253uu 4500
=000  00568cam\a22001693a\4500
=001  33137
=003  PGUSA
=005  20161217030020.0
=008  100711s2010||||xxu|||||s|||||000\|\eng\d
=040  \\ $a PGUSA $b eng
=042  \\ $a dc
=050  \4$aQH
=100  1\ $a Chapin, James Paul, $d 1889-1964
=245  10 $a Descriptions of Three New Birds from the Belgian Congo : $b $b Bulletin of the AMNH , Vol. XXXIV, Art. XVI, pp. 509-513, Oct. 20th, 1915 $h [electronic resource] / $c James Paul Chapin
=260  \\ $b Project Gutenberg, $c 2010
=506  \\ $a Public domain in the USA.
=516  \\ $a Text
=653  \\ $a Birds -- Congo (Democratic Republic) -- Ituri Forest -- Classification
=653  \\ $a Ceriocleptes xenurus -- Classification
=653  \\ $a Chaetura melanopygia -- Classification
=653  \\ $a Apaloderma minus -- Classification
=830  \0 $a Project Gutenberg $v 33137
=856  40 $u http://www.gutenberg.org/ebooks/33137

