=LDR  00732nas  2200241uu 4500
=000  00568cam\a22001693a\4500
=001  33138
=003  PGUSA
=005  20161217030020.0
=008  100711s2010||||xxu|||||s|||||000\1\fin\d
=040  \\ $a PGUSA $b fin
=042  \\ $a dc
=050  \4$aPT
=100  1\ $a Leffler, Anne Charlotte, $d 1849-1892
=240  10 $a Barnet. $l Finnish
=245  10 $a Lapsi $h [electronic resource] / $c Anne Charlotte Leffler
=260  \\ $b Project Gutenberg, $c 2010
=506  \\ $a Public domain in the USA.
=516  \\ $a Text
=653  \\ $a Swedish fiction -- Translations into Finnish
=740  0\ $a Barnet. Finnish
=830  \0 $a Project Gutenberg $v 33138
=856  40 $u http://www.gutenberg.org/ebooks/33138

