=LDR  01127nas  2200277uu 4500
=000  00568cam\a22001693a\4500
=001  33139
=003  PGUSA
=005  20161217030020.0
=008  100711s2010||||xxu|||||s|||||000\|\eng\d
=040  \\ $a PGUSA $b eng
=042  \\ $a dc
=050  \4$aE456
=100  1\ $a Cowdin, Robert, $d 1805-1874
=245  10 $a Gen. Cowdin and the First Massachusetts Regiment of Volunteers $h [electronic resource] / $c Robert Cowdin
=260  \\ $b Project Gutenberg, $c 2010
=506  \\ $a Public domain in the USA.
=516  \\ $a Text
=653  \\ $a Cowdin, Robert, 1805-1874
=653  \\ $a United States. Army. Massachusetts Infantry Regiment, 1st (1861-1864)
=653  \\ $a United States -- History -- Civil War, 1861-1865 -- Regimental histories
=653  \\ $a United States -- History -- Civil War, 1861-1865 -- Personal narratives
=653  \\ $a Massachusetts -- History -- Civil War, 1861-1865 -- Regimental histories
=740  0\ $a General Cowdin and the First Massachusetts Regiment of Volunteers
=830  \0 $a Project Gutenberg $v 33139
=856  40 $u http://www.gutenberg.org/ebooks/33139

