=LDR  00662nas  2200217uu 4500
=000  00568cam\a22001693a\4500
=001  33142
=003  PGUSA
=005  20161217030020.0
=008  100712s2010||||xxu|||||s|||||000\|\eng\d
=040  \\ $a PGUSA $b eng
=042  \\ $a dc
=050  \4$aPZ
=100  1\ $a Merrill, Rufus, $d 1803-1891
=245  10 $a Stories About Indians $h [electronic resource] / $c Rufus Merrill
=260  \\ $b Project Gutenberg, $c 2010
=506  \\ $a Public domain in the USA.
=516  \\ $a Text
=653  \\ $a Indians of North America -- Juvenile literature
=830  \0 $a Project Gutenberg $v 33142
=856  40 $u http://www.gutenberg.org/ebooks/33142

