=LDR  00770nas  2200241uu 4500
=000  00568cam\a22001693a\4500
=001  33143
=003  PGUSA
=005  20161217030020.0
=008  100712s2010||||xxu|||||s|||||000\1\eng\d
=040  \\ $a PGUSA $b eng
=042  \\ $a dc
=050  \4$aPS
=100  1\ $a Woolson, Constance Fenimore, $d 1840-1894
=245  10 $a East Angels : $b A Novel $h [electronic resource] / $c Constance Fenimore Woolson
=260  \\ $b Project Gutenberg, $c 2010
=506  \\ $a Public domain in the USA.
=516  \\ $a Text
=653  \\ $a Married women -- Fiction
=653  \\ $a Florida -- Fiction
=653  \\ $a Triangles (Interpersonal relations) -- Fiction
=830  \0 $a Project Gutenberg $v 33143
=856  40 $u http://www.gutenberg.org/ebooks/33143

