=LDR  00941nas  2200241uu 4500
=000  00568cam\a22001693a\4500
=001  33144
=003  PGUSA
=005  20161217030020.0
=008  100713s2010||||xxu|||||s|||||000\|\eng\d
=040  \\ $a PGUSA $b eng
=042  \\ $a dc
=050  \4$aNK
=100  1\ $a Ellwanger, William De Lancey, $d 1854-1913
=245  14 $a The Oriental Rug : $b $b A Monograph on Eastern Rugs and Carpets, Saddle-Bags, Mats and Pillows, with a Consideration of Kinds and Classes, Types, Borders, Figures, Dyes, Symbols, etc. Together with Some Practical Advice to Collectors. $h [electronic resource] / $c William De Lancey Ellwanger
=260  \\ $b Project Gutenberg, $c 2010
=506  \\ $a Public domain in the USA.
=516  \\ $a Text
=653  \\ $a Rugs, Oriental
=653  \\ $a Carpets
=653  \\ $a Collectors and collecting
=830  \0 $a Project Gutenberg $v 33144
=856  40 $u http://www.gutenberg.org/ebooks/33144

