=LDR  00691nas  2200217uu 4500
=000  00568cam\a22001693a\4500
=001  33145
=003  PGUSA
=005  20161217030020.0
=008  100713s2010||||xxu|||||s|||||000\1\eng\d
=040  \\ $a PGUSA $b eng
=042  \\ $a dc
=050  \4$aPS
=100  1\ $a Meylan, Paul Julian, $d 1882-1961
=245  10 $a Come Out of the Kitchen! A Romance $h [electronic resource] / $c Paul Julian Meylan
=260  \\ $b Project Gutenberg, $c 2010
=506  \\ $a Public domain in the USA.
=516  \\ $a Text
=653  \\ $a Southern States -- Social life and customs -- Fiction
=830  \0 $a Project Gutenberg $v 33145
=856  40 $u http://www.gutenberg.org/ebooks/33145

