=LDR  00866nas  2200229uu 4500
=000  00568cam\a22001693a\4500
=001  33146
=003  PGUSA
=005  20161217030020.0
=008  100713s2010||||xxu|||||s|||||000\|\eng\d
=040  \\ $a PGUSA $b eng
=042  \\ $a dc
=050  \4$aT
=100  1\ $a Hambidge, Jay, $d 1867-1924
=245  10 $a Careers of Danger and Daring $h [electronic resource] / $c Jay Hambidge
=260  \\ $b Project Gutenberg, $c 2010
=505  0\ $a The steeple-climber -- The deep-sea diver -- The balloonist -- The pilot -- The bridge-builder -- The fireman -- The aërial acrobat -- The wild-beast tamer -- The dynamite worker -- The locomotive engineer.
=506  \\ $a Public domain in the USA.
=516  \\ $a Text
=653  \\ $a Hazardous occupations
=830  \0 $a Project Gutenberg $v 33146
=856  40 $u http://www.gutenberg.org/ebooks/33146

