=LDR  01031nas  2200217uu 4500
=000  00568cam\a22001693a\4500
=001  33148
=003  PGUSA
=005  20161217030020.0
=008  100713s2010||||xxu|||||s|||||000\|\eng\d
=040  \\ $a PGUSA $b eng
=042  \\ $a dc
=050  \4$aPN
=245  10 $a My First Book : $b : $b the experiences of Walter Besant, James Payn, W. Clark Russell, Grant Allen, Hall Caine, George R. Sims, Rudyard Kipling, A. Conan Doyle, M.E. Braddon, F.W. Robinson, H. Rider Haggard, R.M. Ballantyne, I. Zangwill, Morley Roberts, David Christie Murray, Marie Corelli, Jerome K. Jerome, John Strange Winter, Bret Harte, "Q.", Robert Buchanan, Robert Louis Stevenson, with an introduction by Jerome K. Jerome. $h [electronic resource] / $c Various
=260  \\ $b Project Gutenberg, $c 2010
=506  \\ $a Public domain in the USA.
=516  \\ $a Text
=653  \\ $a Authorship
=653  \\ $a Authors, English -- Biography
=830  \0 $a Project Gutenberg $v 33148
=856  40 $u http://www.gutenberg.org/ebooks/33148

