=LDR  00769nas  2200217uu 4500
=000  00568cam\a22001693a\4500
=001  33149
=003  PGUSA
=005  20161217030020.0
=008  100713s2010||||xxu|||||s|||||000\p\eng\d
=040  \\ $a PGUSA $b eng
=042  \\ $a dc
=050  \4$aPR
=100  1\ $a Parkerson, James
=245  14 $a The Independent Statesmen, and Liberal Landlord : $b $b or a respectful tribute to T. W. Coke, M.P. for the County of Norfolk $h [electronic resource] / $c James Parkerson
=260  \\ $b Project Gutenberg, $c 2010
=506  \\ $a Public domain in the USA.
=516  \\ $a Text
=653  \\ $a Coke, Thomas William, Earl of Leicester, 1752-1842 -- Poetry
=830  \0 $a Project Gutenberg $v 33149
=856  40 $u http://www.gutenberg.org/ebooks/33149

