=LDR  00732nas  2200217uu 4500
=000  00568cam\a22001693a\4500
=001  33150
=003  PGUSA
=005  20161217030020.0
=008  100713s2010||||xxu|||||s|||||000\p\eng\d
=040  \\ $a PGUSA $b eng
=042  \\ $a dc
=050  \4$aPR
=100  1\ $a Parkerson, James
=245  12 $a A Poem to the Memory of our late lamented Queen Caroline of England $h [electronic resource] / $c James Parkerson
=260  \\ $b Project Gutenberg, $c 2010
=506  \\ $a Public domain in the USA.
=516  \\ $a Text
=653  \\ $a Caroline, Queen, consort of George IV, King of Great Britain, 1768-1821 -- Poetry
=830  \0 $a Project Gutenberg $v 33150
=856  40 $u http://www.gutenberg.org/ebooks/33150

