=LDR  00751nas  2200217uu 4500
=000  00568cam\a22001693a\4500
=001  33152
=003  PGUSA
=005  20161217030020.0
=008  100714s2010||||xxu|||||s|||||000\|\eng\d
=040  \\ $a PGUSA $b eng
=042  \\ $a dc
=050  \4$aPZ
=245  10 $a Tales of Romance $h [electronic resource]
=260  \\ $b Project Gutenberg, $c 2010
=505  0\ $a The story of Robin Hood -- Wayland the smith -- Some adventures of William Short Nose -- The sword Excalibur -- How Grettir the Strong became an outlaw -- Death of Grettir the Strong.
=506  \\ $a Public domain in the USA.
=516  \\ $a Text
=653  \\ $a Tales
=830  \0 $a Project Gutenberg $v 33152
=856  40 $u http://www.gutenberg.org/ebooks/33152

