=LDR  00849nas  2200265uu 4500
=000  00568cam\a22001693a\4500
=001  33153
=003  PGUSA
=005  20161217030020.0
=008  100714s2010||||xxu|||||s|||||000\|\eng\d
=040  \\ $a PGUSA $b eng
=042  \\ $a dc
=050  \4$aJX
=100  1\ $a Weyl, Walter E. $q (Walter Edward), $d 1873-1919
=245  10 $a American World Policies $h [electronic resource] / $c Walter E. Weyl
=260  \\ $b Project Gutenberg, $c 2010
=506  \\ $a Public domain in the USA.
=516  \\ $a Text
=653  \\ $a United States -- Foreign relations -- 1913-1921
=653  \\ $a Imperialism
=653  \\ $a World politics
=653  \\ $a United States -- Economic policy -- To 1933
=653  \\ $a World War, 1914-1918
=830  \0 $a Project Gutenberg $v 33153
=856  40 $u http://www.gutenberg.org/ebooks/33153

