=LDR  00734nas  2200217uu 4500
=000  00568cam\a22001693a\4500
=001  33154
=003  PGUSA
=005  20161217030020.0
=008  100714s2010||||xxu|||||s|||||000\|\eng\d
=040  \\ $a PGUSA $b eng
=042  \\ $a dc
=050  \4$aTK
=100  1\ $a Dolbear, A. E. $q (Amos Emerson), $d 1837-1910
=245  14 $a The Telephone : $b $b An Account of the Phenomena of Electricity, Magnetism, and Sound, as Involved in Its Action $h [electronic resource] / $c A. E. Dolbear
=260  \\ $b Project Gutenberg, $c 2010
=506  \\ $a Public domain in the USA.
=516  \\ $a Text
=653  \\ $a Telephone
=830  \0 $a Project Gutenberg $v 33154
=856  40 $u http://www.gutenberg.org/ebooks/33154

