=LDR  00742nas  2200241uu 4500
=000  00568cam\a22001693a\4500
=001  33155
=003  PGUSA
=005  20161217030020.0
=008  100714s2010||||xxu|||||s|||||000\|\eng\d
=040  \\ $a PGUSA $b eng
=042  \\ $a dc
=050  \4$aR
=245  10 $a Medicina Flagellata; Or, The Doctor Scarify'd $h [electronic resource] / $c Anonymous
=260  \\ $b Project Gutenberg, $c 2010
=506  \\ $a Public domain in the USA.
=516  \\ $a Text
=653  \\ $a Medicine -- Practice -- Early works to 1800
=653  \\ $a Plague -- Early works to 1800
=653  \\ $a Hygiene
=653  \\ $a Quacks and quackery
=830  \0 $a Project Gutenberg $v 33155
=856  40 $u http://www.gutenberg.org/ebooks/33155

