=LDR  00742nas  2200229uu 4500
=000  00568cam\a22001693a\4500
=001  33156
=003  PGUSA
=005  20161217030020.0
=008  100714s2010||||xxu|||||s|||||000\p\eng\d
=040  \\ $a PGUSA $b eng
=042  \\ $a dc
=050  \4$aPR
=100  1\ $a Gilfillan, George, $d 1813-1878
=245  10 $a Young's Night Thoughts : $b $b With Life, Critical Dissertation and Explanatory Notes $h [electronic resource] / $c George Gilfillan
=260  \\ $b Project Gutenberg, $c 2010
=506  \\ $a Public domain in the USA.
=516  \\ $a Text
=653  \\ $a Didactic poetry, English
=653  \\ $a English poetry
=830  \0 $a Project Gutenberg $v 33156
=856  40 $u http://www.gutenberg.org/ebooks/33156

