=LDR  00652nas  2200217uu 4500
=000  00568cam\a22001693a\4500
=001  33157
=003  PGUSA
=005  20161217030020.0
=008  100714s2010||||xxu|||||s|||||000\|\fre\d
=040  \\ $a PGUSA $b fre
=042  \\ $a dc
=050  \4$aDP
=100  1\ $a Gautier, Théophile, $d 1811-1872
=245  10 $a Voyage en Espagne $h [electronic resource] / $c Théophile Gautier
=260  \\ $b Project Gutenberg, $c 2010
=506  \\ $a Public domain in the USA.
=516  \\ $a Text
=653  \\ $a Spain -- Description and travel
=830  \0 $a Project Gutenberg $v 33157
=856  40 $u http://www.gutenberg.org/ebooks/33157

