=LDR  00854nas  2200241uu 4500
=000  00568cam\a22001693a\4500
=001  33159
=003  PGUSA
=005  20161217030020.0
=008  100714s2010||||xxu|||||s|||||000\|\por\d
=040  \\ $a PGUSA $b por
=042  \\ $a dc
=050  \4$aPC
=100  1\ $a Coelho, Adolfo, $d 1847-1919
=245  13 $a Os dialectos romanicos ou neo-latinos na África, Ásia e América $h [electronic resource] / $c Adolfo Coelho
=260  \\ $b Project Gutenberg, $c 2010
=505  0\ $a Dialectos portuguezes -- Dialectos hespanhoes -- Dialectos franceses -- Lingua franca -- Considerações geraes.
=506  \\ $a Public domain in the USA.
=516  \\ $a Text
=653  \\ $a Creole dialects
=653  \\ $a Romance languages -- Dialects
=830  \0 $a Project Gutenberg $v 33159
=856  40 $u http://www.gutenberg.org/ebooks/33159

