=LDR  00682nas  2200217uu 4500
=000  00568cam\a22001693a\4500
=001  33160
=003  PGUSA
=005  20161217030020.0
=008  100714s2010||||xxu|||||s|||||000\|\eng\d
=040  \\ $a PGUSA $b eng
=042  \\ $a dc
=050  \4$aML
=100  1\ $a Messenger, Ruth Ellis, $d 1884-1964
=245  10 $a Christian Hymns of the First Three Centuries $h [electronic resource] / $c Ruth Ellis Messenger
=260  \\ $b Project Gutenberg, $c 2010
=506  \\ $a Public domain in the USA.
=516  \\ $a Text
=653  \\ $a Hymns -- History and criticism
=830  \0 $a Project Gutenberg $v 33160
=856  40 $u http://www.gutenberg.org/ebooks/33160

