=LDR  00667nas  2200229uu 4500
=000  00568cam\a22001693a\4500
=001  33165
=003  PGUSA
=005  20161217030020.0
=008  100715s2010||||xxu|||||s|||||000\|\eng\d
=040  \\ $a PGUSA $b eng
=042  \\ $a dc
=050  \4$aTP
=100  1\ $a Meldola, Raphael, $d 1849-1915
=245  10 $a Coal, and What We Get from It $h [electronic resource] / $c Raphael Meldola
=260  \\ $b Project Gutenberg, $c 2010
=506  \\ $a Public domain in the USA.
=516  \\ $a Text
=653  \\ $a Coal
=653  \\ $a Coal-tar products
=830  \0 $a Project Gutenberg $v 33165
=856  40 $u http://www.gutenberg.org/ebooks/33165

