=LDR  00770nas  2200217uu 4500
=000  00568cam\a22001693a\4500
=001  33166
=003  PGUSA
=005  20161217030020.0
=008  100715s2010||||xxu|||||s|||||000\|\eng\d
=040  \\ $a PGUSA $b eng
=042  \\ $a dc
=050  \4$aND
=100  1\ $a Hurll, Estelle M. $q (Estelle May), $d 1863-1924
=245  10 $a Landseer : $b $b A collection of fifteen pictures and a portrait of the painter with introduction and interpretation $h [electronic resource] / $c Estelle M. Hurll
=260  \\ $b Project Gutenberg, $c 2010
=506  \\ $a Public domain in the USA.
=516  \\ $a Text
=653  \\ $a Landseer, Edwin Henry, Sir, 1802-1873
=830  \0 $a Project Gutenberg $v 33166
=856  40 $u http://www.gutenberg.org/ebooks/33166

