=LDR  00981nas  2200229uu 4500
=000  00568cam\a22001693a\4500
=001  33168
=003  PGUSA
=005  20161217030020.0
=008  100715s2010||||xxu|||||s|||||000\|\eng\d
=040  \\ $a PGUSA $b eng
=042  \\ $a dc
=050  \4$aML
=100  1\ $a Lahee, Henry Charles, $d 1856-1953
=245  10 $a Famous Singers of To-day and Yesterday $h [electronic resource] / $c Henry Charles Lahee
=260  \\ $b Project Gutenberg, $c 2010
=505  0\ $a From 1600 to 1800 A.D. -- Pasta to Mario -- Mario to Tietiens -- Prima Donnas of the fifties [1850s] -- Prima Donnas of the sixties [1860s] -- Prima Donnas of the seventies [1870s] -- Prima Donnas of the eighties [1880s] -- Tenors and baritones -- Contraltos and bassos -- Chronological table of famous singers.
=506  \\ $a Public domain in the USA.
=516  \\ $a Text
=653  \\ $a Singers
=830  \0 $a Project Gutenberg $v 33168
=856  40 $u http://www.gutenberg.org/ebooks/33168

