=LDR  01130nas  2200229uu 4500
=000  00568cam\a22001693a\4500
=001  33170
=003  PGUSA
=005  20161217030020.0
=008  100715s2010||||xxu|||||s|||||000\|\eng\d
=040  \\ $a PGUSA $b eng
=042  \\ $a dc
=050  \4$aHD
=100  1\ $a Scott, William R. $q (William Rufus), $d 1886-
=245  14 $a The Itching Palm : $b A Study of the Habit of Tipping in America $h [electronic resource] / $c William R. Scott
=260  \\ $b Project Gutenberg, $c 2010
=505  0\ $a Flunkyism in America -- On personal liberty -- Barbary pirates -- Personnel and distribution -- The economics of tipping -- The ethics of tipping -- The psychology of tipping -- The literature of tipping -- Tipping and the stage -- The employee viewpoint -- The employer viewpoint -- One step forward -- The sleeping-car phase -- The government and tipping -- Laws against tipping -- Samuel Gompers on tipping -- The way out.
=506  \\ $a Public domain in the USA.
=516  \\ $a Text
=653  \\ $a Tipping
=830  \0 $a Project Gutenberg $v 33170
=856  40 $u http://www.gutenberg.org/ebooks/33170

