=LDR  00715nas  2200229uu 4500
=000  00568cam\a22001693a\4500
=001  33171
=003  PGUSA
=005  20161217030020.0
=008  100715s2010||||xxu|||||s|||||000\p\eng\d
=040  \\ $a PGUSA $b eng
=042  \\ $a dc
=050  \4$aPS
=100  1\ $a Cawein, Madison Julius, $d 1865-1914
=245  10 $a One Day and Another : $b A Lyrical Eclogue $h [electronic resource] / $c Madison Julius Cawein
=260  \\ $b Project Gutenberg, $c 2010
=506  \\ $a Public domain in the USA.
=516  \\ $a Text
=653  \\ $a Poetry
=740  0\ $a One Day and Another: A Lyrical Eclogue
=830  \0 $a Project Gutenberg $v 33171
=856  40 $u http://www.gutenberg.org/ebooks/33171

