=LDR  00972nas  2200241uu 4500
=000  00568cam\a22001693a\4500
=001  33172
=003  PGUSA
=005  20161217030020.0
=008  100715s2010||||xxu|||||s|||||000\|\eng\d
=040  \\ $a PGUSA $b eng
=042  \\ $a dc
=050  \4$aTF
=050  \4$aF106
=110  1\ $a Brooklyn (New York, N.Y.). Committee of Ten
=245  10 $a Down Town Brooklyn : $b $b A Report to the Comptroller of the City of New York on Sites for Public Buildings and the Relocation of the Elevated Railroad Tracks now in Lower Fulton Street, Borough of Brooklyn $h [electronic resource] / $c N.Y.). Committee of Ten Brooklyn (New York
=260  \\ $b Project Gutenberg, $c 2010
=506  \\ $a Public domain in the USA.
=516  \\ $a Text
=653  \\ $a Railroads, Elevated -- New York (State) -- New York
=653  \\ $a Brooklyn (New York, N.Y.) -- History
=830  \0 $a Project Gutenberg $v 33172
=856  40 $u http://www.gutenberg.org/ebooks/33172

