=LDR  00767nas  2200229uu 4500
=000  00568cam\a22001693a\4500
=001  33173
=003  PGUSA
=005  20161217030020.0
=008  100715s2010||||xxu|||||s|||||000\1\eng\d
=040  \\ $a PGUSA $b eng
=042  \\ $a dc
=050  \4$aPR
=100  1\ $a Cuneo, Cyrus, $d 1879-1916
=245  12 $a A Thief in the Night : $b Further adventures of A. J. Raffles, Cricketer and Cracksman $h [electronic resource] / $c Cyrus Cuneo
=260  \\ $b Project Gutenberg, $c 2010
=506  \\ $a Public domain in the USA.
=516  \\ $a Text
=653  \\ $a Criminals -- England -- Fiction
=653  \\ $a Raffles (Fictitious character) -- Fiction
=830  \0 $a Project Gutenberg $v 33173
=856  40 $u http://www.gutenberg.org/ebooks/33173

