=LDR  01219nas  2200229uu 4500
=000  00568cam\a22001693a\4500
=001  33174
=003  PGUSA
=005  20161217030020.0
=008  100715s2010||||xxu|||||s|||||000\e\eng\d
=040  \\ $a PGUSA $b eng
=042  \\ $a dc
=050  \4$aPR
=100  1\ $a Lynd, Robert, $d 1879-1949
=245  14 $a The Book of This and That $h [electronic resource] / $c Robert Lynd
=260  \\ $b Project Gutenberg, $c 2010
=505  0\ $a Suspicion -- On good resolutions -- The sin of Dancing -- Thoughts at a tango tea -- The humours of murder -- The decline and fall of hell -- On cheerful readers -- St. G. B. S. and the Bishop -- Stupidity -- Waste -- On Christmas -- On demagogues -- On coincidences -- On indignation -- The heart of Mr. Galsworthy -- Spring fashions -- On black cats -- On being shocked -- Confessions -- The terrors of politics -- On disasters -- The rights of murder -- The humour of hoaxes -- Anatole France -- The sea -- The futurists -- A defence of critics -- On the beauty of statistics.
=506  \\ $a Public domain in the USA.
=516  \\ $a Text
=653  \\ $a Essays
=830  \0 $a Project Gutenberg $v 33174
=856  40 $u http://www.gutenberg.org/ebooks/33174

