=LDR  00684nas  2200241uu 4500
=000  00568cam\a22001693a\4500
=001  33175
=003  PGUSA
=005  20161217030020.0
=008  100715s2010||||xxu|||||s|||||000\|\eng\d
=040  \\ $a PGUSA $b eng
=042  \\ $a dc
=050  \4$aPN
=100  1\ $a Corson, Hiram, $d 1828-1911
=245  14 $a The Voice and Spiritual Education $h [electronic resource] / $c Hiram Corson
=260  \\ $b Project Gutenberg, $c 2010
=506  \\ $a Public domain in the USA.
=516  \\ $a Text
=653  \\ $a Reading
=653  \\ $a Elocution
=653  \\ $a Voice
=830  \0 $a Project Gutenberg $v 33175
=856  40 $u http://www.gutenberg.org/ebooks/33175

