=LDR  00645nas  2200217uu 4500
=000  00568cam\a22001693a\4500
=001  33176
=003  PGUSA
=005  20161217030020.0
=008  100715s2010||||xxu|||||s|||||000\|\eng\d
=040  \\ $a PGUSA $b eng
=042  \\ $a dc
=050  \4$aTS
=100  1\ $a Roberts, Thomas
=245  10 $a Tappet and Dobby Looms : $b Their Mechanism and Management $h [electronic resource] / $c Thomas Roberts
=260  \\ $b Project Gutenberg, $c 2010
=506  \\ $a Public domain in the USA.
=516  \\ $a Text
=653  \\ $a Looms
=830  \0 $a Project Gutenberg $v 33176
=856  40 $u http://www.gutenberg.org/ebooks/33176

