=LDR  00766nas  2200217uu 4500
=000  00568cam\a22001693a\4500
=001  33177
=003  PGUSA
=005  20161217030020.0
=008  100715s2010||||xxu|||||s|||||000\|\eng\d
=040  \\ $a PGUSA $b eng
=042  \\ $a dc
=050  \4$aF590.3
=100  1\ $a Seville, William P.
=245  10 $a Narrative of the March of Co. A, Engineers from Fort Leavenworth, Kansas, to Fort Bridger, Utah, and Return, May 6 to October 3, 1858 $h [electronic resource] / $c William P. Seville
=260  \\ $b Project Gutenberg, $c 2010
=506  \\ $a Public domain in the USA.
=516  \\ $a Text
=653  \\ $a United States. Army. Corps of Engineers
=830  \0 $a Project Gutenberg $v 33177
=856  40 $u http://www.gutenberg.org/ebooks/33177

