=LDR  00781nas  2200265uu 4500
=000  00568cam\a22001693a\4500
=001  33178
=003  PGUSA
=005  20161217030020.0
=008  100715s2010||||xxu|||||s|||||000\|\eng\d
=040  \\ $a PGUSA $b eng
=042  \\ $a dc
=050  \4$aS
=100  1\ $a Bailey, L. H. $q (Liberty Hyde), $d 1858-1954
=245  14 $a The Holy Earth $h [electronic resource] / $c L. H. Bailey
=260  \\ $b Project Gutenberg, $c 2010
=506  \\ $a Public domain in the USA.
=516  \\ $a Text
=653  \\ $a Country life
=653  \\ $a Earth (Planet)
=653  \\ $a Nature
=653  \\ $a Conservation of natural resources
=653  \\ $a Natural resources
=830  \0 $a Project Gutenberg $v 33178
=856  40 $u http://www.gutenberg.org/ebooks/33178

