=LDR  01103nas  2200253uu 4500
=000  00568cam\a22001693a\4500
=001  33179
=003  PGUSA
=005  20161217030020.0
=008  100715s2010||||xxu|||||s|||||000\|\eng\d
=040  \\ $a PGUSA $b eng
=042  \\ $a dc
=050  \4$aE456
=100  1\ $a Stone, James Madison, $d 1840-
=245  10 $a Personal Recollections of the Civil War : $b $b By One Who Took Part in It as a Private Soldier in the 21st Volunteer Regiment of Infantry from Massachusetts $h [electronic resource] / $c James Madison Stone
=260  \\ $b Project Gutenberg, $c 2010
=506  \\ $a Public domain in the USA.
=516  \\ $a Text
=653  \\ $a United States -- History -- Civil War, 1861-1865 -- Regimental histories
=653  \\ $a United States -- History -- Civil War, 1861-1865 -- Personal narratives
=653  \\ $a United States. Army. Massachusetts Infantry Regiment, 21st (1861-1864)
=653  \\ $a Massachusetts -- History -- Civil War, 1861-1865 -- Regimental histories
=830  \0 $a Project Gutenberg $v 33179
=856  40 $u http://www.gutenberg.org/ebooks/33179

