=LDR  00646nas  2200217uu 4500
=000  00568cam\a22001693a\4500
=001  33180
=003  PGUSA
=005  20161217030020.0
=008  100715s2010||||xxu|||||s|||||000\|\eng\d
=040  \\ $a PGUSA $b eng
=042  \\ $a dc
=050  \4$aBV
=245  10 $a Book of Hymns for Public and Private Devotion $h [electronic resource]
=260  \\ $b Project Gutenberg, $c 2010
=506  \\ $a Public domain in the USA.
=516  \\ $a Text
=653  \\ $a Unitarian Universalist churches -- Hymns
=653  \\ $a Hymns, English
=830  \0 $a Project Gutenberg $v 33180
=856  40 $u http://www.gutenberg.org/ebooks/33180

