=LDR  01277nas  2200229uu 4500
=000  00568cam\a22001693a\4500
=001  33182
=003  PGUSA
=005  20161217030020.0
=008  100716s2010||||xxu|||||s|||||000\|\por\d
=040  \\ $a PGUSA $b por
=042  \\ $a dc
=050  \4$aPQ
=100  1\ $a Pimentel, Alberto, $d 1849-1925
=245  10 $a Entre o caffé e o cognac $h [electronic resource] / $c Alberto Pimentel
=260  \\ $b Project Gutenberg, $c 2010
=505  0\ $a Advertencia -- O Gabinete de Camillo -- O Primeiro de Janeiro -- A Aguia d'Ouro -- Physiologia do Theatro de S. João -- Physiologia do Theatro Baquet -- Telhudos historicos -- Os Domingos -- As Italianas -- Emilio Castelar -- Animaes e vegetaes -- Á Academia de Coimbra -- Os annuncios -- A industria das ruas -- A Giganta (carta a Julio Cesar Machado) -- O Album do Gymnasio -- Esboço de comedia -- As colheitas -- S. Bartholomeu -- O Natal -- Os Bohemios -- O Relogio... -- Ás sete horas da manhã -- Á mesa do chá -- S. João -- Judas no plural -- Historia velha -- Thiers -- A Hespanha.
=506  \\ $a Public domain in the USA.
=516  \\ $a Text
=653  \\ $a Portuguese literature -- 19th century
=830  \0 $a Project Gutenberg $v 33182
=856  40 $u http://www.gutenberg.org/ebooks/33182

