=LDR  00715nas  2200229uu 4500
=000  00568cam\a22001693a\4500
=001  33183
=003  PGUSA
=005  20161217030020.0
=008  100716s2010||||xxu|||||s|||||000\|\eng\d
=040  \\ $a PGUSA $b eng
=042  \\ $a dc
=050  \4$aTR
=110  1\ $a Canadian Kodak Company
=245  10 $a Kodaks and Kodak Supplies, 1914 $h [electronic resource] / $c Canadian Kodak Company
=260  \\ $b Project Gutenberg, $c 2010
=506  \\ $a Public domain in the USA.
=516  \\ $a Text
=653  \\ $a Photography -- Equipment and supplies -- Catalogs
=653  \\ $a Cameras -- Catalogs
=830  \0 $a Project Gutenberg $v 33183
=856  40 $u http://www.gutenberg.org/ebooks/33183

