=LDR  00705nas  2200217uu 4500
=000  00568cam\a22001693a\4500
=001  33184
=003  PGUSA
=005  20161217030020.0
=008  100716s2010||||xxu|||||s|||||000\|\fre\d
=040  \\ $a PGUSA $b fre
=042  \\ $a dc
=050  \4$aPQ
=100  1\ $a Daunou, P. C. F. $q (Pierre Claude François), $d 1761-1840
=245  10 $a Histoire littéraire d'Italie (4/9) $h [electronic resource] / $c P. C. F. Daunou
=260  \\ $b Project Gutenberg, $c 2010
=506  \\ $a Public domain in the USA.
=516  \\ $a Text
=653  \\ $a Italian literature -- History and criticism
=830  \0 $a Project Gutenberg $v 33184
=856  40 $u http://www.gutenberg.org/ebooks/33184

