=LDR  00993nas  2200229uu 4500
=000  00568cam\a22001693a\4500
=001  33185
=003  PGUSA
=005  20161217030020.0
=008  100716s2010||||xxu|||||s|||||000\|\eng\d
=040  \\ $a PGUSA $b eng
=042  \\ $a dc
=050  \4$aND
=100  1\ $a Moscheles, Felix, $d 1833-1917
=245  10 $a Fragments of an Autobiography $h [electronic resource] / $c Felix Moscheles
=260  \\ $b Project Gutenberg, $c 2010
=505  0\ $a Early impressions -- Will you sit for me, Frida? -- Leipsic in 1847 and 1848; Mendelssohn's death -- My first commission -- Claude Raoul Dupont -- A trip to America in 1883 -- Grover Cleveland "viewed" -- Giuseppe Mazzini -- Rossini -- Paris after the commune -- Some incidents of Robert Browning's visits to the studio.
=506  \\ $a Public domain in the USA.
=516  \\ $a Text
=653  \\ $a Moscheles, Felix, 1833-1917
=830  \0 $a Project Gutenberg $v 33185
=856  40 $u http://www.gutenberg.org/ebooks/33185

