=LDR  00771nas  2200241uu 4500
=000  00568cam\a22001693a\4500
=001  33186
=003  PGUSA
=005  20161217030020.0
=008  100716s2010||||xxu|||||s|||||000\p\ger\d
=040  \\ $a PGUSA $b ger
=042  \\ $a dc
=050  \4$aPK
=050  \4$aBL
=245  10 $a Bhagavadgita — Des Erhabenen Sang : $b $b Religiöse Stimmen der Völker: Die Religion des alten Indien II $h [electronic resource]
=260  \\ $b Project Gutenberg, $c 2010
=506  \\ $a Public domain in the USA.
=516  \\ $a Text
=653  \\ $a Sanskrit poetry -- Translations into German
=653  \\ $a Hinduism -- Sacred books
=653  \\ $a Epic poetry
=830  \0 $a Project Gutenberg $v 33186
=856  40 $u http://www.gutenberg.org/ebooks/33186

