=LDR  00827nas  2200265uu 4500
=000  00568cam\a22001693a\4500
=001  33187
=003  PGUSA
=005  20161217030020.0
=008  100716s2010||||xxu|||||s|||||000\1\eng\d
=040  \\ $a PGUSA $b eng
=042  \\ $a dc
=050  \4$aPS
=100  1\ $a Hornblow, Arthur, $d 1865-1942
=245  10 $a By Right of Conquest : $b A Novel $h [electronic resource] / $c Arthur Hornblow
=260  \\ $b Project Gutenberg, $c 2010
=506  \\ $a Public domain in the USA.
=516  \\ $a Text
=653  \\ $a Social classes -- Fiction
=653  \\ $a Shipwreck survival -- Fiction
=653  \\ $a Castaways -- Fiction
=653  \\ $a Robinsonades
=653  \\ $a Man-woman relationships -- Fiction
=830  \0 $a Project Gutenberg $v 33187
=856  40 $u http://www.gutenberg.org/ebooks/33187

