=LDR  00635nas  2200217uu 4500
=000  00568cam\a22001693a\4500
=001  33188
=003  PGUSA
=005  20161217030020.0
=008  100717s2010||||xxu|||||s|||||000\|\eng\d
=040  \\ $a PGUSA $b eng
=042  \\ $a dc
=050  \4$aBJ
=100  1\ $a Wiggin, Edith E.
=245  10 $a Lessons on Manners for School and Home Use $h [electronic resource] / $c Edith E. Wiggin
=260  \\ $b Project Gutenberg, $c 2010
=506  \\ $a Public domain in the USA.
=516  \\ $a Text
=653  \\ $a Etiquette
=830  \0 $a Project Gutenberg $v 33188
=856  40 $u http://www.gutenberg.org/ebooks/33188

