=LDR  00873nas  2200229uu 4500
=000  00568cam\a22001693a\4500
=001  33191
=003  PGUSA
=005  20161217030020.0
=008  100717s2010||||xxu|||||s|||||000\|\eng\d
=040  \\ $a PGUSA $b eng
=042  \\ $a dc
=050  \4$aPZ
=100  1\ $a Fanny, Aunt, $d 1822-1894
=245  10 $a More Mittens; with The Doll's Wedding and other stories : $b $b Being the third book of the series $h [electronic resource] / $c Aunt Fanny
=260  \\ $b Project Gutenberg, $c 2010
=505  0\ $a A letter from Aunt Fanny -- The doll's wedding -- What came of gipsying -- The child heroine -- Aunt Mary -- Little Peter -- The story told to Willie.
=506  \\ $a Public domain in the USA.
=516  \\ $a Text
=653  \\ $a Children's stories
=830  \0 $a Project Gutenberg $v 33191
=856  40 $u http://www.gutenberg.org/ebooks/33191

