=LDR  00656nas  2200217uu 4500
=000  00568cam\a22001693a\4500
=001  33192
=003  PGUSA
=005  20161217030020.0
=008  100717s2010||||xxu|||||s|||||000\1\eng\d
=040  \\ $a PGUSA $b eng
=042  \\ $a dc
=050  \4$aPS
=100  1\ $a Hornblow, Arthur, $d 1865-1942
=245  10 $a John Marsh's Millions $h [electronic resource] / $c Arthur Hornblow
=260  \\ $b Project Gutenberg, $c 2010
=506  \\ $a Public domain in the USA.
=516  \\ $a Text
=653  \\ $a Inheritance and succession -- Fiction
=830  \0 $a Project Gutenberg $v 33192
=856  40 $u http://www.gutenberg.org/ebooks/33192

