=LDR  00653nas  2200217uu 4500
=000  00568cam\a22001693a\4500
=001  33193
=003  PGUSA
=005  20161217030020.0
=008  100717s2010||||xxu|||||s|||||000\p\eng\d
=040  \\ $a PGUSA $b eng
=042  \\ $a dc
=050  \4$aPR
=100  1\ $a Blunt, Wilfrid Scawen, $d 1840-1922
=245  10 $a Satan Absolved : $b A Victorian Mystery $h [electronic resource] / $c Wilfrid Scawen Blunt
=260  \\ $b Project Gutenberg, $c 2010
=506  \\ $a Public domain in the USA.
=516  \\ $a Text
=653  \\ $a Poetry
=830  \0 $a Project Gutenberg $v 33193
=856  40 $u http://www.gutenberg.org/ebooks/33193

