=LDR  00694nas  2200217uu 4500
=000  00568cam\a22001693a\4500
=001  33194
=003  PGUSA
=005  20161217030020.0
=008  100718s2010||||xxu|||||s|||||000\|\eng\d
=040  \\ $a PGUSA $b eng
=042  \\ $a dc
=050  \4$aBT
=100  1\ $a Hughson, Shirley Carter, $d 1867-1949
=245  14 $a The Warfare of the Soul : $b Practical Studies in the Life of Temptation $h [electronic resource] / $c Shirley Carter Hughson
=260  \\ $b Project Gutenberg, $c 2010
=506  \\ $a Public domain in the USA.
=516  \\ $a Text
=653  \\ $a Temptation
=830  \0 $a Project Gutenberg $v 33194
=856  40 $u http://www.gutenberg.org/ebooks/33194

