=LDR  00646nas  2200217uu 4500
=000  00568cam\a22001693a\4500
=001  33195
=003  PGUSA
=005  20161217030020.0
=008  100718s2010||||xxu|||||s|||||000\1\eng\d
=040  \\ $a PGUSA $b eng
=042  \\ $a dc
=050  \4$aPS
=100  1\ $a Barr, Amelia E., $d 1831-1919
=245  10 $a Was It Right to Forgive? A Domestic Romance $h [electronic resource] / $c Amelia E. Barr
=260  \\ $b Project Gutenberg, $c 2010
=506  \\ $a Public domain in the USA.
=516  \\ $a Text
=653  \\ $a Fiction
=830  \0 $a Project Gutenberg $v 33195
=856  40 $u http://www.gutenberg.org/ebooks/33195

