=LDR  01003nas  2200241uu 4500
=000  00568cam\a22001693a\4500
=001  33196
=003  PGUSA
=005  20161217030020.0
=008  100718s2010||||xxu|||||s|||||000\|\eng\d
=040  \\ $a PGUSA $b eng
=042  \\ $a dc
=050  \4$aPZ
=100  1\ $a Morgan, Walter Jenks, $d 1847-1924
=245  10 $a Five Minutes' Stories $h [electronic resource] / $c Walter Jenks Morgan
=260  \\ $b Project Gutenberg, $c 2010
=505  0\ $a Abdallah the unhappy -- Fifine and her cat -- The long ladder -- A four-footed gentleman -- The bad fairy -- The goblin face -- The lost brooch -- Only a bunch of violets -- A canary tragedy -- Coo-Coo's second husband -- Harry's reward -- Brothers and mushrooms -- A remarkable watch -- The blackberry elf.
=506  \\ $a Public domain in the USA.
=516  \\ $a Text
=653  \\ $a Short stories
=653  \\ $a Children's stories
=830  \0 $a Project Gutenberg $v 33196
=856  40 $u http://www.gutenberg.org/ebooks/33196

