=LDR  00747nas  2200229uu 4500
=000  00568cam\a22001693a\4500
=001  33197
=003  PGUSA
=005  20161217030020.0
=008  100718s2010||||xxu|||||s|||||000\|\|||\d
=040  \\ $a PGUSA $b $
=042  \\ $a dc
=050  \4$aPA
=100  1\ $a Doederlein, Ludwig von, $d 1791-1863
=245  10 $a Döderlein's Hand-book of Latin Synonymes $h [electronic resource] / $c Ludwig von Doederlein
=260  \\ $b Project Gutenberg, $c 2010
=506  \\ $a Public domain in the USA.
=516  \\ $a Text
=653  \\ $a Latin language -- Synonyms and antonyms
=740  0\ $a Döderlein's Hand-book of Latin Synonyms
=830  \0 $a Project Gutenberg $v 33197
=856  40 $u http://www.gutenberg.org/ebooks/33197

