=LDR  00763nas  2200217uu 4500
=000  00568cam\a22001693a\4500
=001  33198
=003  PGUSA
=005  20161217030020.0
=008  100718s2010||||xxu|||||s|||||000\|\eng\d
=040  \\ $a PGUSA $b eng
=042  \\ $a dc
=050  \4$aQ
=100  1\ $a Bedini, Silvio A., $d 1917-2007
=245  14 $a The Borghesi Astronomical Clock in the Museum of History and Technology : $b $b Contributions from the Museum of History and Technology, Paper 35 $h [electronic resource] / $c Silvio A. Bedini
=260  \\ $b Project Gutenberg, $c 2010
=506  \\ $a Public domain in the USA.
=516  \\ $a Text
=653  \\ $a Astronomical clocks
=830  \0 $a Project Gutenberg $v 33198
=856  40 $u http://www.gutenberg.org/ebooks/33198

