=LDR  00769nas  2200229uu 4500
=000  00568cam\a22001693a\4500
=001  33200
=003  PGUSA
=005  20161217030020.0
=008  100719s2010||||xxu|||||s|||||000\|\eng\d
=040  \\ $a PGUSA $b eng
=042  \\ $a dc
=050  \4$aHQ
=100  1\ $a Hard, William, $d 1878-1962
=245  14 $a The Women of Tomorrow $h [electronic resource] / $c William Hard
=260  \\ $b Project Gutenberg, $c 2010
=505  0\ $a Love deferred -- Learning for earning -- Learning for spending -- The wasters -- Mothers of the world.
=506  \\ $a Public domain in the USA.
=516  \\ $a Text
=653  \\ $a Women -- Social and moral questions
=830  \0 $a Project Gutenberg $v 33200
=856  40 $u http://www.gutenberg.org/ebooks/33200

