=LDR  00918nas  2200217uu 4500
=000  00568cam\a22001693a\4500
=001  33201
=003  PGUSA
=005  20161217030020.0
=008  100720s2010||||xxu|||||s|||||000\|\eng\d
=040  \\ $a PGUSA $b eng
=042  \\ $a dc
=050  \4$aHQ
=100  1\ $a Benton, Caroline French
=245  14 $a The Complete Club Book for Women : $b $b Including Subjects, Material and References for Study Programs; together with a Constitution and By-Laws; Rules of Order; Instructions how to make a Year Book; Suggestions for Practical Community Work; a Resume of what Some Clubs are Doing, etc., etc. $h [electronic resource] / $c Caroline French Benton
=260  \\ $b Project Gutenberg, $c 2010
=506  \\ $a Public domain in the USA.
=516  \\ $a Text
=653  \\ $a Women -- Societies and clubs
=830  \0 $a Project Gutenberg $v 33201
=856  40 $u http://www.gutenberg.org/ebooks/33201

