=LDR  00728nas  2200229uu 4500
=000  00568cam\a22001693a\4500
=001  33202
=003  PGUSA
=005  20161217030020.0
=008  100719s2010||||xxu|||||s|||||000\|\ger\d
=040  \\ $a PGUSA $b ger
=042  \\ $a dc
=050  \4$aQA
=100  1\ $a Schoenflies, A. $q (Arthur), $d 1853-1928
=245  10 $a Einführung in die Hauptgesetze der Zeichnerischen Darstellungsmethoden $h [electronic resource] / $c A. Schoenflies
=260  \\ $b Project Gutenberg, $c 2010
=506  \\ $a Public domain in the USA.
=516  \\ $a Text
=653  \\ $a Perspective
=653  \\ $a Geometrical drawing
=830  \0 $a Project Gutenberg $v 33202
=856  40 $u http://www.gutenberg.org/ebooks/33202

