=LDR  00827nas  2200241uu 4500
=000  00568cam\a22001693a\4500
=001  33203
=003  PGUSA
=005  20161217030020.0
=008  100720s2010||||xxu|||||s|||||000\|\eng\d
=040  \\ $a PGUSA $b eng
=042  \\ $a dc
=050  \4$aN
=100  1\ $a Vasari, Giorgio, $d 1511-1574
=245  10 $a Lives of the most Eminent Painters Sculptors and Architects, Vol. 10 (of 10) : $b $b Bronzino to Vasari, and General Index. $h [electronic resource] / $c Giorgio Vasari
=260  \\ $b Project Gutenberg, $c 2010
=506  \\ $a Public domain in the USA.
=516  \\ $a Text
=653  \\ $a Art, Italian
=653  \\ $a Artists -- Italy -- Biography
=653  \\ $a Painters -- Italy -- Biography
=830  \0 $a Project Gutenberg $v 33203
=856  40 $u http://www.gutenberg.org/ebooks/33203

