=LDR  00698nas  2200217uu 4500
=000  00568cam\a22001693a\4500
=001  33204
=003  PGUSA
=005  20161217030020.0
=008  100719s2010||||xxu|||||s|||||000\|\eng\d
=040  \\ $a PGUSA $b eng
=042  \\ $a dc
=050  \4$aQH
=100  1\ $a Anderson, Sydney, $d 1927-
=245  10 $a Subspeciation in the Meadow Mouse, Microtus pennsylvanicus, in Wyoming, Colorado, and Adjacent Areas $h [electronic resource] / $c Sydney Anderson
=260  \\ $b Project Gutenberg, $c 2010
=506  \\ $a Public domain in the USA.
=516  \\ $a Text
=653  \\ $a Mice
=830  \0 $a Project Gutenberg $v 33204
=856  40 $u http://www.gutenberg.org/ebooks/33204

