=LDR  00783nas  2200229uu 4500
=000  00568cam\a22001693a\4500
=001  33205
=003  PGUSA
=005  20161217030020.0
=008  100719s2010||||xxu|||||s|||||000\|\fre\d
=040  \\ $a PGUSA $b fre
=042  \\ $a dc
=050  \4$aDC
=245  14 $a Les grandes chroniques de France (1/6) : $b $b selon que elles sont conservées en l'Eglise de Saint-Denis en France $h [electronic resource]
=260  \\ $b Project Gutenberg, $c 2010
=506  \\ $a Public domain in the USA.
=516  \\ $a Text
=653  \\ $a France -- History -- Sources
=653  \\ $a France -- History -- Medieval period, 987-1515
=653  \\ $a France -- History -- To 987
=830  \0 $a Project Gutenberg $v 33205
=856  40 $u http://www.gutenberg.org/ebooks/33205

