=LDR  00798nas  2200253uu 4500
=000  00568cam\a22001693a\4500
=001  33206
=003  PGUSA
=005  20161217030020.0
=008  100720s2010||||xxu|||||s|||||000\1\eng\d
=040  \\ $a PGUSA $b eng
=042  \\ $a dc
=050  \4$aPR
=100  1\ $a MacKenzie, Compton, $d 1883-1972
=245  10 $a Plashers Mead : $b A Novel $h [electronic resource] / $c Compton MacKenzie
=260  \\ $b Project Gutenberg, $c 2010
=506  \\ $a Public domain in the USA.
=516  \\ $a Text
=653  \\ $a England -- Social life and customs -- Fiction
=653  \\ $a Sisters -- Fiction
=653  \\ $a Man-woman relationships -- Fiction
=653  \\ $a Poets -- Fiction
=830  \0 $a Project Gutenberg $v 33206
=856  40 $u http://www.gutenberg.org/ebooks/33206

