=LDR  00800nas  2200253uu 4500
=000  00568cam\a22001693a\4500
=001  33207
=003  PGUSA
=005  20161217030020.0
=008  100720s2010||||xxu|||||s|||||000\1\eng\d
=040  \\ $a PGUSA $b eng
=042  \\ $a dc
=050  \4$aPS
=100  1\ $a Saltus, Edgar, $d 1855-1921
=245  14 $a The Perfume of Eros : $b A Fifth Avenue Incident $h [electronic resource] / $c Edgar Saltus
=260  \\ $b Project Gutenberg, $c 2010
=506  \\ $a Public domain in the USA.
=516  \\ $a Text
=653  \\ $a Trials (Murder) -- Fiction
=653  \\ $a New York (N.Y.) -- Fiction
=653  \\ $a Murder -- Fiction
=653  \\ $a Man-woman relationships -- Fiction
=830  \0 $a Project Gutenberg $v 33207
=856  40 $u http://www.gutenberg.org/ebooks/33207

