=LDR  00825nas  2200241uu 4500
=000  00568cam\a22001693a\4500
=001  33208
=003  PGUSA
=005  20161217030020.0
=008  100720s2010||||xxu|||||s|||||000\1\eng\d
=040  \\ $a PGUSA $b eng
=042  \\ $a dc
=050  \4$aPR
=100  1\ $a Orczy, Emmuska Orczy, Baroness, $d 1865-1947
=245  14 $a The Laughing Cavalier : $b The Story of the Ancestor of the Scarlet Pimpernel $h [electronic resource] / $c Emmuska Orczy, Baroness Orczy
=260  \\ $b Project Gutenberg, $c 2010
=506  \\ $a Public domain in the USA.
=516  \\ $a Text
=653  \\ $a Adventure stories
=653  \\ $a Netherlands -- History -- 17th century -- Fiction
=653  \\ $a Historical fiction
=830  \0 $a Project Gutenberg $v 33208
=856  40 $u http://www.gutenberg.org/ebooks/33208

