=LDR  00721nas  2200241uu 4500
=000  00568cam\a22001693a\4500
=001  33209
=003  PGUSA
=005  20161217030020.0
=008  100720s2010||||xxu|||||s|||||000\1\eng\d
=040  \\ $a PGUSA $b eng
=042  \\ $a dc
=050  \4$aPS
=100  1\ $a Cooke, Marjorie Benton, $d 1876-1920
=245  14 $a The Dual Alliance $h [electronic resource] / $c Marjorie Benton Cooke
=260  \\ $b Project Gutenberg, $c 2010
=506  \\ $a Public domain in the USA.
=516  \\ $a Text
=653  \\ $a Marriage -- Fiction
=653  \\ $a Actresses -- Fiction
=653  \\ $a Political fiction
=830  \0 $a Project Gutenberg $v 33209
=856  40 $u http://www.gutenberg.org/ebooks/33209

