=LDR  00758nas  2200229uu 4500
=000  00568cam\a22001693a\4500
=001  33210
=003  PGUSA
=005  20161217030020.0
=008  100720s2010||||xxu|||||s|||||000\1\eng\d
=040  \\ $a PGUSA $b eng
=042  \\ $a dc
=050  \4$aPZ
=100  1\ $a Roosevelt, Wyn, $d 1870-
=245  14 $a The Frontier Boys in the Grand Canyon; Or, A Search for Treasure $h [electronic resource] / $c Wyn Roosevelt
=260  \\ $b Project Gutenberg, $c 2010
=506  \\ $a Public domain in the USA.
=516  \\ $a Text
=653  \\ $a Grand Canyon (Ariz.) -- Juvenile fiction
=653  \\ $a Frontier and pioneer life -- Juvenile fiction
=830  \0 $a Project Gutenberg $v 33210
=856  40 $u http://www.gutenberg.org/ebooks/33210

