=LDR  00875nas  2200241uu 4500
=000  00568cam\a22001693a\4500
=001  33211
=003  PGUSA
=005  20161217030020.0
=008  100720s2010||||xxu|||||s|||||000\|\eng\d
=040  \\ $a PGUSA $b eng
=042  \\ $a dc
=050  \4$aE456
=100  1\ $a Jones, Jenkins Lloyd, $d 1843-1918
=245  13 $a An Artilleryman's Diary $h [electronic resource] / $c Jenkins Lloyd Jones
=260  \\ $b Project Gutenberg, $c 2010
=506  \\ $a Public domain in the USA.
=516  \\ $a Text
=653  \\ $a United States. Army. Wisconsin Light Artillery, 6th (1861-1865)
=653  \\ $a United States -- History -- Civil War, 1861-1865 -- Regimental histories
=653  \\ $a United States -- History -- Civil War, 1861-1865 -- Personal narratives
=830  \0 $a Project Gutenberg $v 33211
=856  40 $u http://www.gutenberg.org/ebooks/33211

