=LDR  00711nas  2200241uu 4500
=000  00568cam\a22001693a\4500
=001  33212
=003  PGUSA
=005  20161217030020.0
=008  100720s2010||||xxu|||||s|||||000\1\eng\d
=040  \\ $a PGUSA $b eng
=042  \\ $a dc
=050  \4$aPR
=100  1\ $a Wylie, I. A. R. $q (Ida Alexa Ross), $d 1885-1959
=245  14 $a The Underpup $h [electronic resource] / $c I. A. R. Wylie
=260  \\ $b Project Gutenberg, $c 2010
=506  \\ $a Public domain in the USA.
=516  \\ $a Text
=653  \\ $a Camps -- Fiction
=653  \\ $a Short stories
=653  \\ $a Girls -- Fiction
=830  \0 $a Project Gutenberg $v 33212
=856  40 $u http://www.gutenberg.org/ebooks/33212

