=LDR  00678nas  2200217uu 4500
=000  00568cam\a22001693a\4500
=001  33213
=003  PGUSA
=005  20161217030020.0
=008  100721s2010||||xxu|||||s|||||000\|\eng\d
=040  \\ $a PGUSA $b eng
=042  \\ $a dc
=050  \4$aTX
=100  1\ $a Benton, Caroline French
=245  14 $a The Fun of Cooking : $b A Story for Girls and Boys $h [electronic resource] / $c Caroline French Benton
=260  \\ $b Project Gutenberg, $c 2010
=506  \\ $a Public domain in the USA.
=516  \\ $a Text
=653  \\ $a Cooking -- Juvenile literature
=830  \0 $a Project Gutenberg $v 33213
=856  40 $u http://www.gutenberg.org/ebooks/33213

