=LDR  00823nas  2200241uu 4500
=000  00568cam\a22001693a\4500
=001  33214
=003  PGUSA
=005  20161217030020.0
=008  100721s2010||||xxu|||||s|||||000\|\eng\d
=040  \\ $a PGUSA $b eng
=042  \\ $a dc
=050  \4$aBV
=100  1\ $a Livingstone, W. P. $q (William Pringle)
=245  14 $a The White Queen of Okoyong : $b A True Story of Adventure, Heroism and Faith $h [electronic resource] / $c W. P. Livingstone
=260  \\ $b Project Gutenberg, $c 2010
=506  \\ $a Public domain in the USA.
=516  \\ $a Text
=653  \\ $a Missionaries -- Nigeria -- Biography
=653  \\ $a Women missionaries -- Biography
=653  \\ $a Slessor, Mary Mitchell, 1848-1915
=830  \0 $a Project Gutenberg $v 33214
=856  40 $u http://www.gutenberg.org/ebooks/33214

