=LDR  00727nas  2200229uu 4500
=000  00568cam\a22001693a\4500
=001  33217
=003  PGUSA
=005  20161217030020.0
=008  100721s2010||||xxu|||||s|||||000\1\eng\d
=040  \\ $a PGUSA $b eng
=042  \\ $a dc
=050  \4$aPR
=100  1\ $a Lever, Charles James, $d 1806-1872
=245  10 $a Diary And Notes Of Horace Templeton, Esq. Volume II (of II) $h [electronic resource] / $c Charles James Lever
=260  \\ $b Project Gutenberg, $c 2010
=506  \\ $a Public domain in the USA.
=516  \\ $a Text
=653  \\ $a Europe -- Fiction
=653  \\ $a Tyrol (Austria) -- Fiction
=830  \0 $a Project Gutenberg $v 33217
=856  40 $u http://www.gutenberg.org/ebooks/33217

