=LDR  00741nas  2200253uu 4500
=000  00568cam\a22001693a\4500
=001  33218
=003  PGUSA
=005  20161217030020.0
=008  100721s2010||||xxu|||||s|||||000\1\eng\d
=040  \\ $a PGUSA $b eng
=042  \\ $a dc
=050  \4$aPS
=100  1\ $a Emerson, Chase, $d 1861-1924
=245  12 $a A Top-Floor Idyl $h [electronic resource] / $c Chase Emerson
=260  \\ $b Project Gutenberg, $c 2010
=506  \\ $a Public domain in the USA.
=516  \\ $a Text
=653  \\ $a Boardinghouses -- Fiction
=653  \\ $a Widows -- Fiction
=653  \\ $a Love stories
=653  \\ $a Novelists -- Fiction
=830  \0 $a Project Gutenberg $v 33218
=856  40 $u http://www.gutenberg.org/ebooks/33218

