=LDR  00638nas  2200217uu 4500
=000  00568cam\a22001693a\4500
=001  33219
=003  PGUSA
=005  20161217030020.0
=008  100722s2010||||xxu|||||s|||||000\|\eng\d
=040  \\ $a PGUSA $b eng
=042  \\ $a dc
=050  \4$aHB
=100  1\ $a Jevons, William Stanley, $d 1835-1882
=245  10 $a Political economy $h [electronic resource] / $c William Stanley Jevons
=260  \\ $b Project Gutenberg, $c 2010
=506  \\ $a Public domain in the USA.
=516  \\ $a Text
=653  \\ $a Economics
=830  \0 $a Project Gutenberg $v 33219
=856  40 $u http://www.gutenberg.org/ebooks/33219

