=LDR  00659nas  2200217uu 4500
=000  00568cam\a22001693a\4500
=001  33220
=003  PGUSA
=005  20161217030020.0
=008  100722s2010||||xxu|||||s|||||000\1\eng\d
=040  \\ $a PGUSA $b eng
=042  \\ $a dc
=050  \4$aPS
=100  1\ $a Miller, Joaquin, $d 1837-1913
=245  10 $a First Fam'lies of the Sierras $h [electronic resource] / $c Joaquin Miller
=260  \\ $b Project Gutenberg, $c 2010
=506  \\ $a Public domain in the USA.
=516  \\ $a Text
=653  \\ $a Danites (Mormon Church) -- Fiction
=830  \0 $a Project Gutenberg $v 33220
=856  40 $u http://www.gutenberg.org/ebooks/33220

