=LDR  01019nas  2200289uu 4500
=000  00568cam\a22001693a\4500
=001  33221
=003  PGUSA
=005  20161217030020.0
=008  100722s2010||||xxu|||||s|||||000\1\eng\d
=040  \\ $a PGUSA $b eng
=042  \\ $a dc
=050  \4$aPZ
=100  1\ $a Trowbridge, J. T. $q (John Townsend), $d 1827-1916
=245  10 $a Father Brighthopes; Or, An Old Clergyman's Vacation $h [electronic resource] / $c J. T. Trowbridge
=260  \\ $b Project Gutenberg, $c 2010
=506  \\ $a Public domain in the USA.
=516  \\ $a Text
=653  \\ $a Farms -- Juvenile fiction
=653  \\ $a Families -- Juvenile fiction
=653  \\ $a Conduct of life -- Juvenile fiction
=653  \\ $a Children -- Conduct of life -- Juvenile fiction
=653  \\ $a Brothers and sisters -- Juvenile fiction
=653  \\ $a Christian life -- Juvenile fiction
=653  \\ $a Clergy -- Juvenile fiction
=830  \0 $a Project Gutenberg $v 33221
=856  40 $u http://www.gutenberg.org/ebooks/33221

