=LDR  00760nas  2200241uu 4500
=000  00568cam\a22001693a\4500
=001  33222
=003  PGUSA
=005  20161217030020.0
=008  100722s2010||||xxu|||||s|||||000\|\eng\d
=040  \\ $a PGUSA $b eng
=042  \\ $a dc
=050  \4$aD501
=100  1\ $a MacDonagh, Michael, $d 1862-1946
=245  14 $a The Irish at the Front $h [electronic resource] / $c Michael MacDonagh
=260  \\ $b Project Gutenberg, $c 2010
=506  \\ $a Public domain in the USA.
=516  \\ $a Text
=653  \\ $a Great Britain. Army
=653  \\ $a World War, 1914-1918 -- Campaigns
=653  \\ $a World War, 1914-1918 -- Regimental histories
=830  \0 $a Project Gutenberg $v 33222
=856  40 $u http://www.gutenberg.org/ebooks/33222

