=LDR  00680nas  2200217uu 4500
=000  00568cam\a22001693a\4500
=001  33223
=003  PGUSA
=005  20161217030020.0
=008  100722s2010||||xxu|||||s|||||000\|\eng\d
=040  \\ $a PGUSA $b eng
=042  \\ $a dc
=050  \4$aBF
=100  1\ $a Fowler, O. S. $q (Orson Squire), $d 1809-1887
=245  14 $a The Illustrated Self-Instructor in Phrenology and Physiology $h [electronic resource] / $c O. S. Fowler
=260  \\ $b Project Gutenberg, $c 2010
=506  \\ $a Public domain in the USA.
=516  \\ $a Text
=653  \\ $a Phrenology
=830  \0 $a Project Gutenberg $v 33223
=856  40 $u http://www.gutenberg.org/ebooks/33223

