=LDR  00733nas  2200217uu 4500
=000  00568cam\a22001693a\4500
=001  33224
=003  PGUSA
=005  20161217030020.0
=008  100722s2010||||xxu|||||s|||||000\|\eng\d
=040  \\ $a PGUSA $b eng
=042  \\ $a dc
=050  \4$aQE
=100  1\ $a Lyell, Charles, $c Sir, $d 1797-1875
=245  10 $a Principles of Geology : $b $b or, The Modern Changes of the Earth and its Inhabitants Considered as Illustrative of Geology $h [electronic resource] / $c Charles, Lyell
=260  \\ $b Project Gutenberg, $c 2010
=506  \\ $a Public domain in the USA.
=516  \\ $a Text
=653  \\ $a Geology
=830  \0 $a Project Gutenberg $v 33224
=856  40 $u http://www.gutenberg.org/ebooks/33224

