=LDR  00815nas  2200253uu 4500
=000  00568cam\a22001693a\4500
=001  33225
=003  PGUSA
=005  20161217030020.0
=008  100722s2010||||xxu|||||s|||||000\|\eng\d
=040  \\ $a PGUSA $b eng
=042  \\ $a dc
=050  \4$aPQ
=100  1\ $a Symonds, John Addington, $d 1840-1893
=245  14 $a The Memoirs of Count Carlo Gozzi; Volume the Second $h [electronic resource] / $c John Addington Symonds
=260  \\ $b Project Gutenberg, $c 2010
=506  \\ $a Public domain in the USA.
=516  \\ $a Text
=653  \\ $a Gozzi, Carlo, 1720-1806
=653  \\ $a Commedia dell'arte
=653  \\ $a Longhi, Pietro, 1702-1785
=653  \\ $a Authors, Italian -- Biography
=830  \0 $a Project Gutenberg $v 33225
=856  40 $u http://www.gutenberg.org/ebooks/33225

