=LDR  00969nas  2200289uu 4500
=000  00568cam\a22001693a\4500
=001  33226
=003  PGUSA
=005  20161217030020.0
=008  100722s2010||||xxu|||||s|||||000\1\eng\d
=040  \\ $a PGUSA $b eng
=042  \\ $a dc
=050  \4$aPZ
=100  1\ $a Castlemon, Harry, $d 1842-1915
=245  10 $a No Moss; Or, The Career of a Rolling Stone $h [electronic resource] / $c Harry Castlemon
=260  \\ $b Project Gutenberg, $c 2010
=506  \\ $a Public domain in the USA.
=516  \\ $a Text
=653  \\ $a Islands -- Juvenile fiction
=653  \\ $a Conduct of life -- Juvenile fiction
=653  \\ $a Yachts -- Juvenile fiction
=653  \\ $a Children -- Conduct of life -- Juvenile fiction
=653  \\ $a Adventure stories
=653  \\ $a Young men -- Juvenile fiction
=653  \\ $a Newport (R.I.) -- Juvenile fiction
=830  \0 $a Project Gutenberg $v 33226
=856  40 $u http://www.gutenberg.org/ebooks/33226

