=LDR  00830nas  2200217uu 4500
=000  00568cam\a22001693a\4500
=001  33227
=003  PGUSA
=005  20161217030020.0
=008  100722s2010||||xxu|||||s|||||000\|\spa\d
=040  \\ $a PGUSA $b spa
=042  \\ $a dc
=050  \4$aBX
=100  1\ $a Garau, Francisco, $d 1640-1701
=245  10 $a La fee triunfante en quatro autos : $b $b Celebrados en Mallorca por el Santo Oficio de la Inquisición en que han salido ochenta y ocho reos, y de treinta y siete relajados sólo hubo tres pertinaces. $h [electronic resource] / $c Francisco Garau
=260  \\ $b Project Gutenberg, $c 2010
=506  \\ $a Public domain in the USA.
=516  \\ $a Text
=653  \\ $a Inquisition -- Spain -- Majorca
=830  \0 $a Project Gutenberg $v 33227
=856  40 $u http://www.gutenberg.org/ebooks/33227

