=LDR  00731nas  2200241uu 4500
=000  00568cam\a22001693a\4500
=001  33228
=003  PGUSA
=005  20161217030020.0
=008  100722s2010||||xxu|||||s|||||000\1\eng\d
=040  \\ $a PGUSA $b eng
=042  \\ $a dc
=050  \4$aPS
=100  1\ $a Dallas, Richard
=245  12 $a A Master Hand : $b The Story of a Crime $h [electronic resource] / $c Richard Dallas
=260  \\ $b Project Gutenberg, $c 2010
=506  \\ $a Public domain in the USA.
=516  \\ $a Text
=653  \\ $a Murder -- Fiction
=653  \\ $a New York (N.Y.) -- Fiction
=653  \\ $a Detective and mystery stories
=830  \0 $a Project Gutenberg $v 33228
=856  40 $u http://www.gutenberg.org/ebooks/33228

