=LDR  00724nas  2200229uu 4500
=000  00568cam\a22001693a\4500
=001  33229
=003  PGUSA
=005  20161217030020.0
=008  100722s2010||||xxu|||||s|||||000\|\fre\d
=040  \\ $a PGUSA $b fre
=042  \\ $a dc
=050  \4$aQA
=100  1\ $a Fréchet, Maurice, $d 1878-
=245  12 $a L'Équation de Fredholm et ses applications a la physique mathématique $h [electronic resource] / $c Maurice Fréchet
=260  \\ $b Project Gutenberg, $c 2010
=506  \\ $a Public domain in the USA.
=516  \\ $a Text
=653  \\ $a Integral equations
=653  \\ $a Mathematical physics
=830  \0 $a Project Gutenberg $v 33229
=856  40 $u http://www.gutenberg.org/ebooks/33229

