=LDR  00716nas  2200241uu 4500
=000  00568cam\a22001693a\4500
=001  33230
=003  PGUSA
=005  20161217030020.0
=008  100722s2010||||xxu|||||s|||||000\1\eng\d
=040  \\ $a PGUSA $b eng
=042  \\ $a dc
=050  \4$aPS
=100  1\ $a De Maris, Walter, $d 1879-1936
=245  14 $a The Gray Mask $h [electronic resource] / $c Walter De Maris
=260  \\ $b Project Gutenberg, $c 2010
=506  \\ $a Public domain in the USA.
=516  \\ $a Text
=653  \\ $a Detectives -- Fiction
=653  \\ $a Adventure stories
=653  \\ $a Detective and mystery stories
=830  \0 $a Project Gutenberg $v 33230
=856  40 $u http://www.gutenberg.org/ebooks/33230

