=LDR  00843nas  2200229uu 4500
=000  00568cam\a22001693a\4500
=001  33231
=003  PGUSA
=005  20161217030020.0
=008  100722s2010||||xxu|||||s|||||000\|\eng\d
=040  \\ $a PGUSA $b eng
=042  \\ $a dc
=050  \4$aE011
=100  1\ $a Means, Philip Ainsworth, $d 1892-1944
=245  10 $a History of the Spanish Conquest of Yucatan and of the Itzas : $b $b Papers of the Peabody Museum of American Archaeology and Ethnology, Hard University. Vol. VII. $h [electronic resource] / $c Philip Ainsworth Means
=260  \\ $b Project Gutenberg, $c 2010
=506  \\ $a Public domain in the USA.
=516  \\ $a Text
=653  \\ $a Yucatán (Mexico : State) -- History
=653  \\ $a Itza Indians
=830  \0 $a Project Gutenberg $v 33231
=856  40 $u http://www.gutenberg.org/ebooks/33231

