=LDR  00846nas  2200265uu 4500
=000  00568cam\a22001693a\4500
=001  33232
=003  PGUSA
=005  20161217030020.0
=008  100722s2010||||xxu|||||s|||||000\1\eng\d
=040  \\ $a PGUSA $b eng
=042  \\ $a dc
=050  \4$aPZ
=100  1\ $a Duffield, J. W.
=245  10 $a Bert Wilson at Panama $h [electronic resource] / $c J. W. Duffield
=260  \\ $b Project Gutenberg, $c 2010
=506  \\ $a Public domain in the USA.
=516  \\ $a Text
=653  \\ $a Adventure stories
=653  \\ $a Friendship -- Juvenile fiction
=653  \\ $a Panama Canal (Panama) -- History -- Juvenile fiction
=653  \\ $a Young men -- Juvenile fiction
=653  \\ $a Voyages and travels -- Juvenile fiction
=830  \0 $a Project Gutenberg $v 33232
=856  40 $u http://www.gutenberg.org/ebooks/33232

