=LDR  00777nas  2200241uu 4500
=000  00568cam\a22001693a\4500
=001  33233
=003  PGUSA
=005  20161217030020.0
=008  100722s2010||||xxu|||||s|||||000\1\eng\d
=040  \\ $a PGUSA $b eng
=042  \\ $a dc
=050  \4$aPZ
=100  1\ $a Sherman, Harold M. $q (Harold Morrow), $d 1898-1987
=245  10 $a Tahara Among African Tribes $h [electronic resource] / $c Harold M. Sherman
=260  \\ $b Project Gutenberg, $c 2010
=506  \\ $a Public domain in the USA.
=516  \\ $a Text
=653  \\ $a Mystery and detective stories
=653  \\ $a Tribes -- Africa -- Juvenile fiction
=653  \\ $a Africa -- Juvenile fiction
=830  \0 $a Project Gutenberg $v 33233
=856  40 $u http://www.gutenberg.org/ebooks/33233

