=LDR  00724nas  2200241uu 4500
=000  00568cam\a22001693a\4500
=001  33234
=003  PGUSA
=005  20161217030020.0
=008  100723s2010||||xxu|||||s|||||000\1\eng\d
=040  \\ $a PGUSA $b eng
=042  \\ $a dc
=050  \4$aPS
=100  1\ $a Rives, Amélie, $d 1863-1945
=245  10 $a Shadows of Flames : $b A Novel $h [electronic resource] / $c Amélie Rives
=260  \\ $b Project Gutenberg, $c 2010
=506  \\ $a Public domain in the USA.
=516  \\ $a Text
=653  \\ $a Mothers and sons -- Fiction
=653  \\ $a Marriage -- Fiction
=653  \\ $a Women -- Fiction
=830  \0 $a Project Gutenberg $v 33234
=856  40 $u http://www.gutenberg.org/ebooks/33234

