=LDR  00722nas  2200217uu 4500
=000  00568cam\a22001693a\4500
=001  33235
=003  PGUSA
=005  20161217030020.0
=008  100723s2010||||xxu|||||s|||||000\|\eng\d
=040  \\ $a PGUSA $b eng
=042  \\ $a dc
=050  \4$aE201
=100  1\ $a Rosengarten, J. G. $q (Joseph George), $d 1835-1921
=245  12 $a A Defence of the Hessians $h [electronic resource] / $c J. G. Rosengarten
=260  \\ $b Project Gutenberg, $c 2010
=506  \\ $a Public domain in the USA.
=516  \\ $a Text
=653  \\ $a United States -- History -- Revolution, 1775-1783 -- Participation, German
=830  \0 $a Project Gutenberg $v 33235
=856  40 $u http://www.gutenberg.org/ebooks/33235

