=LDR  00695nas  2200229uu 4500
=000  00568cam\a22001693a\4500
=001  33236
=003  PGUSA
=005  20161217030020.0
=008  100723s2010||||xxu|||||s|||||000\|\eng\d
=040  \\ $a PGUSA $b eng
=042  \\ $a dc
=050  \4$aQL
=100  1\ $a Scharff, R. F. $q (Robert Francis), $d 1858-1934
=245  14 $a The History of the European Fauna $h [electronic resource] / $c R. F. Scharff
=260  \\ $b Project Gutenberg, $c 2010
=506  \\ $a Public domain in the USA.
=516  \\ $a Text
=653  \\ $a Animals -- Europe
=653  \\ $a Zoogeography
=830  \0 $a Project Gutenberg $v 33236
=856  40 $u http://www.gutenberg.org/ebooks/33236

