=LDR  00846nas  2200241uu 4500
=000  00568cam\a22001693a\4500
=001  33237
=003  PGUSA
=005  20161217030020.0
=008  100723s2010||||xxu|||||s|||||000\|\eng\d
=040  \\ $a PGUSA $b eng
=042  \\ $a dc
=050  \4$aBV
=100  1\ $a Doughty, William E. $q (William Ellison), $d 1873-
=245  14 $a The Call of the World; or, Every Man's Supreme Opportunity $h [electronic resource] / $c William E. Doughty
=260  \\ $b Project Gutenberg, $c 2010
=506  \\ $a Public domain in the USA.
=516  \\ $a Text
=653  \\ $a Missions
=653  \\ $a Laymen's missionary movement of the United States and Canada
=653  \\ $a Missionary Education Movement of the United States and Canada
=830  \0 $a Project Gutenberg $v 33237
=856  40 $u http://www.gutenberg.org/ebooks/33237

