=LDR  00988nas  2200289uu 4500
=000  00568cam\a22001693a\4500
=001  33240
=003  PGUSA
=005  20161217030020.0
=008  100724s2010||||xxu|||||s|||||000\1\eng\d
=040  \\ $a PGUSA $b eng
=042  \\ $a dc
=050  \4$aPZ
=100  1\ $a Ledyard, Addie, $d 1830-1885
=245  10 $a Mammy Tittleback and Her Family : $b A True Story of Seventeen Cats $h [electronic resource] / $c Addie Ledyard
=260  \\ $b Project Gutenberg, $c 2010
=506  \\ $a Public domain in the USA.
=516  \\ $a Text
=653  \\ $a Cousins -- Juvenile fiction
=653  \\ $a Pets -- Juvenile fiction
=653  \\ $a Children -- Conduct of life -- Juvenile fiction
=653  \\ $a Friendship -- Juvenile fiction
=653  \\ $a Conduct of life -- Juvenile fiction
=653  \\ $a Family -- Juvenile fiction
=653  \\ $a Cats -- Juvenile fiction
=830  \0 $a Project Gutenberg $v 33240
=856  40 $u http://www.gutenberg.org/ebooks/33240

