=LDR  00973nas  2200265uu 4500
=000  00568cam\a22001693a\4500
=001  33241
=003  PGUSA
=005  20161217030020.0
=008  100724s2010||||xxu|||||s|||||000\|\eng\d
=040  \\ $a PGUSA $b eng
=042  \\ $a dc
=050  \4$aRC
=100  1\ $a Adler, G. J. $q (George J.), $d 1821-1868
=245  10 $a Letters of a Lunatic : $b $b A Brief Exposition of My University Life, During the Years 1853-54 $h [electronic resource] / $c G. J. Adler
=260  \\ $b Project Gutenberg, $c 2010
=506  \\ $a Public domain in the USA.
=516  \\ $a Text
=653  \\ $a Mental illness -- Personal narratives
=653  \\ $a Psychiatric hospitals -- New York
=653  \\ $a Adler, G. J. (George J.), 1821-1868 -- Correspondence
=653  \\ $a Mentally ill -- Commitment and detention
=653  \\ $a Bloomingdale Asylum for the Insane
=830  \0 $a Project Gutenberg $v 33241
=856  40 $u http://www.gutenberg.org/ebooks/33241

