=LDR  01177nas  2200337uu 4500
=000  00568cam\a22001693a\4500
=001  33242
=003  PGUSA
=005  20161217030020.0
=008  100724s2010||||xxu|||||s|||||000\1\eng\d
=040  \\ $a PGUSA $b eng
=042  \\ $a dc
=050  \4$aPZ
=100  1\ $a Cary, William de la Montagne, $d 1840-1922
=245  13 $a An Amateur Fireman $h [electronic resource] / $c William de la Montagne Cary
=260  \\ $b Project Gutenberg, $c 2010
=506  \\ $a Public domain in the USA.
=516  \\ $a Text
=653  \\ $a Detective and mystery stories
=653  \\ $a Heroes -- Juvenile fiction
=653  \\ $a Fire fighters -- Juvenile fiction
=653  \\ $a Homeless boys -- Juvenile fiction
=653  \\ $a Newspaper vendors -- Juvenile fiction
=653  \\ $a Shoe shiners -- Juvenile fiction
=653  \\ $a Conduct of life -- Juvenile fiction
=653  \\ $a Rescues -- Juvenile fiction
=653  \\ $a Arson -- Juvenile fiction
=653  \\ $a Boys -- Conduct of life -- Juvenile fiction
=653  \\ $a Courage -- Juvenile fiction
=830  \0 $a Project Gutenberg $v 33242
=856  40 $u http://www.gutenberg.org/ebooks/33242

