=LDR  00797nas  2200241uu 4500
=000  00568cam\a22001693a\4500
=001  33243
=003  PGUSA
=005  20161217030020.0
=008  100724s2010||||xxu|||||s|||||000\|\eng\d
=040  \\ $a PGUSA $b eng
=042  \\ $a dc
=050  \4$aS
=100  1\ $a Pryor, Elizabeth Brown
=245  10 $a Frying Pan Farm $h [electronic resource] / $c Elizabeth Brown Pryor
=260  \\ $b Project Gutenberg, $c 2010
=506  \\ $a Public domain in the USA.
=516  \\ $a Text
=653  \\ $a Frying Pan Park, Virginia -- Frying Pan Farm
=653  \\ $a Agriculture -- Virginia -- Fairfax County -- History
=653  \\ $a Family farms -- Virginia -- Fairfax County -- History
=830  \0 $a Project Gutenberg $v 33243
=856  40 $u http://www.gutenberg.org/ebooks/33243

