=LDR  00723nas  2200241uu 4500
=000  00568cam\a22001693a\4500
=001  33244
=003  PGUSA
=005  20161217030020.0
=008  100724s2010||||xxu|||||s|||||000\1\eng\d
=040  \\ $a PGUSA $b eng
=042  \\ $a dc
=050  \4$aPQ
=100  1\ $a Dole, Nathan Haskell, $d 1852-1935
=245  10 $a Maximina $h [electronic resource] / $c Nathan Haskell Dole
=260  \\ $b Project Gutenberg, $c 2010
=506  \\ $a Public domain in the USA.
=516  \\ $a Text
=653  \\ $a Young women -- Fiction
=653  \\ $a Madrid (Spain) -- Fiction
=653  \\ $a Married women -- Fiction
=830  \0 $a Project Gutenberg $v 33244
=856  40 $u http://www.gutenberg.org/ebooks/33244

