=LDR  00679nas  2200217uu 4500
=000  00568cam\a22001693a\4500
=001  33245
=003  PGUSA
=005  20161217030020.0
=008  100724s2010||||xxu|||||s|||||000\|\por\d
=040  \\ $a PGUSA $b por
=042  \\ $a dc
=050  \4$aBX
=100  1\ $a Macedo, José Agostinho de, $d 1761-1831
=245  10 $a Sermão contra o Filosofismo do Seculo XIX $h [electronic resource] / $c José Agostinho de Macedo
=260  \\ $b Project Gutenberg, $c 2010
=506  \\ $a Public domain in the USA.
=516  \\ $a Text
=653  \\ $a Sermons, Portuguese
=830  \0 $a Project Gutenberg $v 33245
=856  40 $u http://www.gutenberg.org/ebooks/33245

