=LDR  00667nas  2200217uu 4500
=000  00568cam\a22001693a\4500
=001  33246
=003  PGUSA
=005  20161217030020.0
=008  100724s2010||||xxu|||||s|||||000\|\eng\d
=040  \\ $a PGUSA $b eng
=042  \\ $a dc
=050  \4$aTX
=110  1\ $a Civic League (Williston, North Dakota)
=245  10 $a Civic League Cook Book $h [electronic resource] / $c North Dakota) Civic League (Williston
=260  \\ $b Project Gutenberg, $c 2010
=506  \\ $a Public domain in the USA.
=516  \\ $a Text
=653  \\ $a Cooking, American
=830  \0 $a Project Gutenberg $v 33246
=856  40 $u http://www.gutenberg.org/ebooks/33246

