=LDR  00656nas  2200229uu 4500
=000  00568cam\a22001693a\4500
=001  33247
=003  PGUSA
=005  20161217030020.0
=008  100724s2010||||xxu|||||s|||||000\|\eng\d
=040  \\ $a PGUSA $b eng
=042  \\ $a dc
=050  \4$aBV
=100  1\ $a MacNeil, John, $d 1828-1917
=245  14 $a The Spirit-Filled Life $h [electronic resource] / $c John MacNeil
=260  \\ $b Project Gutenberg, $c 2010
=506  \\ $a Public domain in the USA.
=516  \\ $a Text
=653  \\ $a Salvation
=653  \\ $a Christian life
=830  \0 $a Project Gutenberg $v 33247
=856  40 $u http://www.gutenberg.org/ebooks/33247

