=LDR  00875nas  2200229uu 4500
=000  00568cam\a22001693a\4500
=001  33248
=003  PGUSA
=005  20161217030020.0
=008  101123s2010||||xxu|||||s|||||000\|\eng\d
=040  \\ $a PGUSA $b eng
=042  \\ $a dc
=050  \4$aPR
=100  1\ $a Beers, Henry A. $q (Henry Augustin), $d 1847-1926
=245  10 $a Milton's Tercentenary : $b $b An address delivered before the Modern Language Club of Yale University on Milton's Three Hundredth Birthday. $h [electronic resource] / $c Henry A. Beers
=260  \\ $b Project Gutenberg, $c 2010
=506  \\ $a Public domain in the USA.
=516  \\ $a Text
=653  \\ $a Milton, John, 1608-1674 -- Anniversaries, etc.
=653  \\ $a Milton, John, 1608-1674 -- Criticism and interpretation
=830  \0 $a Project Gutenberg $v 33248
=856  40 $u http://www.gutenberg.org/ebooks/33248

