=LDR  00760nas  2200241uu 4500
=000  00568cam\a22001693a\4500
=001  33250
=003  PGUSA
=005  20161217030020.0
=008  100724s2010||||xxu|||||s|||||000\|\fre\d
=040  \\ $a PGUSA $b fre
=042  \\ $a dc
=050  \4$aDC
=050  \4$aNA
=100  1\ $a Lebert, Marie
=245  12 $a L'art roman dans le Sud-Manche : $b Album $h [electronic resource] / $c Marie Lebert
=260  \\ $b Project Gutenberg, $c 2010
=506  \\ $a Copyrighted. Read the copyright notice inside this book for details.
=516  \\ $a Text
=653  \\ $a Churches -- France -- Manche
=653  \\ $a France -- Description and travel
=830  \0 $a Project Gutenberg $v 33250
=856  40 $u http://www.gutenberg.org/ebooks/33250

