=LDR  00685nas  2200229uu 4500
=000  00568cam\a22001693a\4500
=001  33251
=003  PGUSA
=005  20161217030020.0
=008  100724s2010||||xxu|||||s|||||000\1\eng\d
=040  \\ $a PGUSA $b eng
=042  \\ $a dc
=050  \4$aPS
=100  1\ $a Grayson, David, $d 1870-1946
=245  10 $a Hempfield : $b A Novel $h [electronic resource] / $c David Grayson
=260  \\ $b Project Gutenberg, $c 2010
=506  \\ $a Public domain in the USA.
=516  \\ $a Text
=653  \\ $a Newspapers -- Fiction
=653  \\ $a City and town life -- Fiction
=830  \0 $a Project Gutenberg $v 33251
=856  40 $u http://www.gutenberg.org/ebooks/33251

