=LDR  00813nas  2200217uu 4500
=000  00568cam\a22001693a\4500
=001  33252
=003  PGUSA
=005  20161217030020.0
=008  100724s2010||||xxu|||||s|||||000\|\eng\d
=040  \\ $a PGUSA $b eng
=042  \\ $a dc
=050  \4$aNB
=100  1\ $a Hurll, Estelle M. $q (Estelle May), $d 1863-1924
=245  10 $a Tuscan Sculpture of the Fifteenth Century : $b $b A Collection of Sixteen Pictures Reproducing Works by Donatello, the Della Robia, Mino da Fiesole, and Others, with Introduction $h [electronic resource] / $c Estelle M. Hurll
=260  \\ $b Project Gutenberg, $c 2010
=506  \\ $a Public domain in the USA.
=516  \\ $a Text
=653  \\ $a Sculpture, Italian
=830  \0 $a Project Gutenberg $v 33252
=856  40 $u http://www.gutenberg.org/ebooks/33252

