=LDR  00695nas  2200229uu 4500
=000  00568cam\a22001693a\4500
=001  33253
=003  PGUSA
=005  20161217030020.0
=008  100725s2010||||xxu|||||s|||||000\|\eng\d
=040  \\ $a PGUSA $b eng
=042  \\ $a dc
=050  \4$aTX
=100  1\ $a Benton, Caroline French
=245  10 $a Gala-Day Luncheons : $b A Little Book of Suggestions $h [electronic resource] / $c Caroline French Benton
=260  \\ $b Project Gutenberg, $c 2010
=506  \\ $a Public domain in the USA.
=516  \\ $a Text
=653  \\ $a Luncheons
=653  \\ $a Cooking, American
=830  \0 $a Project Gutenberg $v 33253
=856  40 $u http://www.gutenberg.org/ebooks/33253

