=LDR  00778nas  2200229uu 4500
=000  00568cam\a22001693a\4500
=001  33254
=003  PGUSA
=005  20161217030020.0
=008  100725s2010||||xxu|||||s|||||000\|\dut\d
=040  \\ $a PGUSA $b dut
=042  \\ $a dc
=050  \4$aG
=100  1\ $a Pisuisse, Jean-Louis, $d 1880-1927
=245  10 $a De schipbreuk van de "Berlin" 21 Februari 1907. : $b $b Volledig verhaal van de scheepsramp aan den Hoek van Holland $h [electronic resource] / $c Jean-Louis Pisuisse
=260  \\ $b Project Gutenberg, $c 2010
=506  \\ $a Public domain in the USA.
=516  \\ $a Text
=653  \\ $a Shipwrecks -- Netherlands
=653  \\ $a Berlin (Ship)
=830  \0 $a Project Gutenberg $v 33254
=856  40 $u http://www.gutenberg.org/ebooks/33254

