=LDR  00837nas  2200241uu 4500
=000  00568cam\a22001693a\4500
=001  33255
=003  PGUSA
=005  20161217030020.0
=008  100725s2010||||xxu|||||s|||||000\|\eng\d
=040  \\ $a PGUSA $b eng
=042  \\ $a dc
=050  \4$aHV
=100  1\ $a Osborne, Thomas Mott, $d 1859-1926
=245  10 $a Within Prison Walls : $b $b being a narrative during a week of voluntary confinement in the state prison at Auburn, New York $h [electronic resource] / $c Thomas Mott Osborne
=260  \\ $b Project Gutenberg, $c 2010
=506  \\ $a Public domain in the USA.
=516  \\ $a Text
=653  \\ $a Prisons -- New York (State)
=653  \\ $a Prisoners -- New York (State)
=653  \\ $a Auburn Prison
=830  \0 $a Project Gutenberg $v 33255
=856  40 $u http://www.gutenberg.org/ebooks/33255

