=LDR  00899nas  2200277uu 4500
=000  00568cam\a22001693a\4500
=001  33256
=003  PGUSA
=005  20161217030020.0
=008  100725s2010||||xxu|||||s|||||000\1\fin\d
=040  \\ $a PGUSA $b fin
=042  \\ $a dc
=050  \4$aPR
=100  1\ $a Stretton, Hesba, $d 1832-1911
=240  10 $a Bede's charity. $l Finnish
=245  10 $a Margery Beade ja Beden armeliaisuus $h [electronic resource] / $c Hesba Stretton
=260  \\ $b Project Gutenberg, $c 2010
=506  \\ $a Public domain in the USA.
=516  \\ $a Text
=653  \\ $a Christian life -- Fiction
=653  \\ $a Single women -- Fiction
=653  \\ $a Brothers and sisters -- Fiction
=653  \\ $a England -- Social life and customs -- Fiction
=740  0\ $a Bede's charity. Finnish
=830  \0 $a Project Gutenberg $v 33256
=856  40 $u http://www.gutenberg.org/ebooks/33256

