=LDR  00797nas  2200253uu 4500
=000  00568cam\a22001693a\4500
=001  33257
=003  PGUSA
=005  20161217030020.0
=008  100725s2010||||xxu|||||s|||||000\1\eng\d
=040  \\ $a PGUSA $b eng
=042  \\ $a dc
=050  \4$aPR
=100  1\ $a Marshall, Emma, $d 1830-1899
=245  10 $a Under the Mendips : $b A Tale $h [electronic resource] / $c Emma Marshall
=260  \\ $b Project Gutenberg, $c 2010
=506  \\ $a Public domain in the USA.
=516  \\ $a Text
=653  \\ $a Families -- Fiction
=653  \\ $a Country life -- England -- Fiction
=653  \\ $a Wells (England) -- Fiction
=653  \\ $a Riots -- England -- Bristol -- Fiction
=830  \0 $a Project Gutenberg $v 33257
=856  40 $u http://www.gutenberg.org/ebooks/33257

