=LDR  00824nas  2200217uu 4500
=000  00568cam\a22001693a\4500
=001  33258
=003  PGUSA
=005  20161217030020.0
=008  100725s2010||||xxu|||||s|||||000\|\fre\d
=040  \\ $a PGUSA $b fre
=042  \\ $a dc
=050  \4$aDC
=100  1\ $a Tourzel, Louise Elisabeth, Duchesse de, $d 1749-1832
=245  10 $a Mémoires de Madame la Duchesse de Tourzel : $b $b Gouvernante des enfants de France pendant les années 1789 à 1795 $h [electronic resource] / $c Louise Elisabeth, Duchesse de Tourzel
=260  \\ $b Project Gutenberg, $c 2010
=506  \\ $a Public domain in the USA.
=516  \\ $a Text
=653  \\ $a France -- History -- Revolution, 1789-1799 -- Personal narratives
=830  \0 $a Project Gutenberg $v 33258
=856  40 $u http://www.gutenberg.org/ebooks/33258

