=LDR  00729nas  2200241uu 4500
=000  00568cam\a22001693a\4500
=001  33259
=003  PGUSA
=005  20161217030020.0
=008  100725s2010||||xxu|||||s|||||000\1\eng\d
=040  \\ $a PGUSA $b eng
=042  \\ $a dc
=050  \4$aPS
=100  1\ $a Brown, Alice, $d 1857-1948
=245  14 $a The Day of His Youth $h [electronic resource] / $c Alice Brown
=260  \\ $b Project Gutenberg, $c 2010
=506  \\ $a Public domain in the USA.
=516  \\ $a Text
=653  \\ $a Man-woman relationships -- Fiction
=653  \\ $a Fathers and sons -- Fiction
=653  \\ $a Young men -- Fiction
=830  \0 $a Project Gutenberg $v 33259
=856  40 $u http://www.gutenberg.org/ebooks/33259

