=LDR  00726nas  2200253uu 4500
=000  00568cam\a22001693a\4500
=001  33260
=003  PGUSA
=005  20161217030020.0
=008  100726s2010||||xxu|||||s|||||000\|\eng\d
=040  \\ $a PGUSA $b eng
=042  \\ $a dc
=050  \4$aBL
=100  1\ $a Lang, Andrew, $d 1844-1912
=245  10 $a Custom and Myth : $b $b New Edition $h [electronic resource] / $c Andrew Lang
=260  \\ $b Project Gutenberg, $c 2010
=506  \\ $a Public domain in the USA.
=516  \\ $a Text
=653  \\ $a Mythology
=653  \\ $a Religion
=653  \\ $a Manners and customs
=653  \\ $a Folklore
=830  \0 $a Project Gutenberg $v 33260
=856  40 $u http://www.gutenberg.org/ebooks/33260

