=LDR  00841nas  2200277uu 4500
=000  00568cam\a22001693a\4500
=001  33264
=003  PGUSA
=005  20161217030020.0
=008  100726s2010||||xxu|||||s|||||000\1\eng\d
=040  \\ $a PGUSA $b eng
=042  \\ $a dc
=050  \4$aPS
=100  1\ $a Cooper, Elizabeth, $d 1877-1945
=245  10 $a Living Up to Billy $h [electronic resource] / $c Elizabeth Cooper
=260  \\ $b Project Gutenberg, $c 2010
=506  \\ $a Public domain in the USA.
=516  \\ $a Text
=653  \\ $a Aunts -- Fiction
=653  \\ $a Epistolary fiction
=653  \\ $a Children of prisoners -- Fiction
=653  \\ $a Nephews -- Fiction
=653  \\ $a New York (N.Y.) -- Fiction
=653  \\ $a Dancers -- Fiction
=830  \0 $a Project Gutenberg $v 33264
=856  40 $u http://www.gutenberg.org/ebooks/33264

