=LDR  00615nas  2200205uu 4500
=000  00568cam\a22001693a\4500
=001  33265
=003  PGUSA
=005  20161217030020.0
=008  100726s2010||||xxu|||||s|||||000\|\eng\d
=040  \\ $a PGUSA $b eng
=042  \\ $a dc
=050  \4$aHQ
=245  10 $a Woman's Club Work and Programs; Or, First Aid to Club Women $h [electronic resource]
=260  \\ $b Project Gutenberg, $c 2010
=506  \\ $a Public domain in the USA.
=516  \\ $a Text
=653  \\ $a Women -- Societies and clubs
=830  \0 $a Project Gutenberg $v 33265
=856  40 $u http://www.gutenberg.org/ebooks/33265

