=LDR  00700nas  2200229uu 4500
=000  00568cam\a22001693a\4500
=001  33266
=003  PGUSA
=005  20161217030020.0
=008  100726s2010||||xxu|||||s|||||000\1\ger\d
=040  \\ $a PGUSA $b ger
=042  \\ $a dc
=050  \4$aPG
=100  1\ $a Röhl, Hermann, $d 1828-1910
=245  10 $a Herr und Knecht : $b Novelle $h [electronic resource] / $c Hermann Röhl
=260  \\ $b Project Gutenberg, $c 2010
=506  \\ $a Public domain in the USA.
=516  \\ $a Text
=653  \\ $a Russian fiction -- Translations into German
=653  \\ $a Didactic fiction
=830  \0 $a Project Gutenberg $v 33266
=856  40 $u http://www.gutenberg.org/ebooks/33266

