=LDR  00768nas  2200241uu 4500
=000  00568cam\a22001693a\4500
=001  33267
=003  PGUSA
=005  20161217030020.0
=008  100726s2010||||xxu|||||s|||||000\|\spa\d
=040  \\ $a PGUSA $b spa
=042  \\ $a dc
=050  \4$aF2801
=100  1\ $a Sarmiento, Domingo Faustino, $d 1811-1888
=245  10 $a Facundo $h [electronic resource] / $c Domingo Faustino Sarmiento
=260  \\ $b Project Gutenberg, $c 2010
=506  \\ $a Public domain in the USA.
=516  \\ $a Text
=653  \\ $a Argentina -- Description and travel
=653  \\ $a Quiroga, Juan Facundo, 1790-1835
=653  \\ $a Argentina -- History -- 1817-1860
=830  \0 $a Project Gutenberg $v 33267
=856  40 $u http://www.gutenberg.org/ebooks/33267

