=LDR  00700nas  2200229uu 4500
=000  00568cam\a22001693a\4500
=001  33268
=003  PGUSA
=005  20161217030020.0
=008  100726s2010||||xxu|||||s|||||000\|\eng\d
=040  \\ $a PGUSA $b eng
=042  \\ $a dc
=050  \4$aPR
=100  1\ $a Zimmern, Helen, $d 1846-1934
=245  10 $a Maria Edgeworth $h [electronic resource] / $c Helen Zimmern
=260  \\ $b Project Gutenberg, $c 2010
=506  \\ $a Public domain in the USA.
=516  \\ $a Text
=653  \\ $a Edgeworth, Maria, 1768-1849
=653  \\ $a Novelists, Irish -- 19th century -- Biography
=830  \0 $a Project Gutenberg $v 33268
=856  40 $u http://www.gutenberg.org/ebooks/33268

