=LDR  00844nas  2200241uu 4500
=000  00568cam\a22001693a\4500
=001  33269
=003  PGUSA
=005  20161217030020.0
=008  100726s2010||||xxu|||||s|||||000\|\eng\d
=040  \\ $a PGUSA $b eng
=042  \\ $a dc
=050  \4$aDS
=100  1\ $a Huc, Evariste Régis, $d 1813-1860
=245  10 $a Travels in Tartary, Thibet, and China During the years 1844-5-6. Volume 2 $h [electronic resource] / $c Evariste Régis Huc
=260  \\ $b Project Gutenberg, $c 2010
=506  \\ $a Public domain in the USA.
=516  \\ $a Text
=653  \\ $a Asia, Central -- Description and travel
=653  \\ $a Tibet Autonomous Region (China) -- Description and travel
=653  \\ $a China -- Description and travel
=830  \0 $a Project Gutenberg $v 33269
=856  40 $u http://www.gutenberg.org/ebooks/33269

