=LDR  00966nas  2200289uu 4500
=000  00568cam\a22001693a\4500
=001  33270
=003  PGUSA
=005  20161217030020.0
=008  100727s2010||||xxu|||||s|||||000\1\eng\d
=040  \\ $a PGUSA $b eng
=042  \\ $a dc
=050  \4$aPZ
=100  1\ $a Chaundler, Christine, $d 1887-1972
=245  10 $a Just Gerry $h [electronic resource] / $c Christine Chaundler
=260  \\ $b Project Gutenberg, $c 2010
=506  \\ $a Public domain in the USA.
=516  \\ $a Text
=653  \\ $a Students -- Juvenile fiction
=653  \\ $a Dormitories -- Juvenile fiction
=653  \\ $a Schools -- England -- Juvenile fiction
=653  \\ $a Conduct of life -- Juvenile fiction
=653  \\ $a Cousins -- Juvenile fiction
=653  \\ $a Children -- Conduct of life -- Juvenile fiction
=653  \\ $a Friendship -- Juvenile fiction
=830  \0 $a Project Gutenberg $v 33270
=856  40 $u http://www.gutenberg.org/ebooks/33270

