=LDR  00758nas  2200241uu 4500
=000  00568cam\a22001693a\4500
=001  33271
=003  PGUSA
=005  20161217030020.0
=008  100727s2010||||xxu|||||s|||||000\1\eng\d
=040  \\ $a PGUSA $b eng
=042  \\ $a dc
=050  \4$aPS
=100  1\ $a Hanshew, Thomas W., $d 1857-1914
=245  14 $a The Riddle of the Night $h [electronic resource] / $c Thomas W. Hanshew
=260  \\ $b Project Gutenberg, $c 2010
=506  \\ $a Public domain in the USA.
=516  \\ $a Text
=653  \\ $a Murder -- Fiction
=653  \\ $a Cleek, Hamilton (Fictitious character) -- Fiction
=653  \\ $a Detective and mystery stories
=830  \0 $a Project Gutenberg $v 33271
=856  40 $u http://www.gutenberg.org/ebooks/33271

