=LDR  00680nas  2200217uu 4500
=000  00568cam\a22001693a\4500
=001  33272
=003  PGUSA
=005  20161217030020.0
=008  100727s2010||||xxu|||||s|||||000\|\eng\d
=040  \\ $a PGUSA $b eng
=042  \\ $a dc
=050  \4$aF206
=100  1\ $a Netherton, Ross De Witt, $d 1918-2010
=245  10 $a Green Spring Farm, Fairfax County, Virginia $h [electronic resource] / $c Ross De Witt Netherton
=260  \\ $b Project Gutenberg, $c 2010
=506  \\ $a Public domain in the USA.
=516  \\ $a Text
=653  \\ $a Green Spring Farm (Va.)
=830  \0 $a Project Gutenberg $v 33272
=856  40 $u http://www.gutenberg.org/ebooks/33272

