=LDR  01010nas  2200229uu 4500
=000  00568cam\a22001693a\4500
=001  33273
=003  PGUSA
=005  20161217030020.0
=008  100727s2010||||xxu|||||s|||||000\|\eng\d
=040  \\ $a PGUSA $b eng
=042  \\ $a dc
=050  \4$aCT
=100  1\ $a Goodrich, Samuel G. $q (Samuel Griswold), $d 1793-1860
=245  10 $a Lives of Celebrated Women $h [electronic resource] / $c Samuel G. Goodrich
=260  \\ $b Project Gutenberg, $c 2010
=505  0\ $a Lucretia and Margaret Davidson -- Mrs. Adams -- Mrs. Washington -- Madame de Stael -- Lady Hester Stanhope -- Hannah More -- Mrs. Barbauld -- Madame de Genlis -- Josephine -- Marie Antoinette -- Madame Roland -- Madame de Sévigné -- Mary, Queen of Scots -- Elizabeth, Queen of England -- Isabella of Spain -- Joan of Arc.
=506  \\ $a Public domain in the USA.
=516  \\ $a Text
=653  \\ $a Women -- Biography
=830  \0 $a Project Gutenberg $v 33273
=856  40 $u http://www.gutenberg.org/ebooks/33273

