=LDR  00709nas  2200217uu 4500
=000  00568cam\a22001693a\4500
=001  33274
=003  PGUSA
=005  20161217030020.0
=008  100727s2010||||xxu|||||s|||||000\1\eng\d
=040  \\ $a PGUSA $b eng
=042  \\ $a dc
=050  \4$aPQ
=100  1\ $a De Leon, Daniel, $d 1852-1914
=245  14 $a The Abbatial Crosier; or, Bonaik and Septimine. A Tale of a Medieval Abbess $h [electronic resource] / $c Daniel De Leon
=260  \\ $b Project Gutenberg, $c 2010
=506  \\ $a Public domain in the USA.
=516  \\ $a Text
=653  \\ $a France -- History -- To 987 -- Fiction
=830  \0 $a Project Gutenberg $v 33274
=856  40 $u http://www.gutenberg.org/ebooks/33274

