=LDR  00752nas  2200217uu 4500
=000  00568cam\a22001693a\4500
=001  33275
=003  PGUSA
=005  20161217030020.0
=008  100727s2010||||xxu|||||s|||||000\1\spa\d
=040  \\ $a PGUSA $b spa
=042  \\ $a dc
=050  \4$aPQ
=100  1\ $a Fernández y González, Manuel, $d 1821-1888
=245  13 $a El cocinero de su majestad : $b Memorias del tiempo de Felipe III $h [electronic resource] / $c Manuel Fernández y González
=260  \\ $b Project Gutenberg, $c 2010
=506  \\ $a Public domain in the USA.
=516  \\ $a Text
=653  \\ $a Martínez Montiño, Francisco, active 16th century -- Fiction
=830  \0 $a Project Gutenberg $v 33275
=856  40 $u http://www.gutenberg.org/ebooks/33275

