=LDR  00754nas  2200217uu 4500
=000  00568cam\a22001693a\4500
=001  33276
=003  PGUSA
=005  20161217030020.0
=008  100727s2010||||xxu|||||s|||||000\|\por\d
=040  \\ $a PGUSA $b por
=042  \\ $a dc
=050  \4$aPQ
=100  1\ $a Frei Ugedio
=245  10 $a Viagem ao Parnaso : $b $b Impressões da leitura da Velhice do Padre Eterno, poema notavel do distincto poeta Guerra Junqueiro $h [electronic resource] / $c Frei Ugedio
=260  \\ $b Project Gutenberg, $c 2010
=506  \\ $a Public domain in the USA.
=516  \\ $a Text
=653  \\ $a Junqueiro, Guerra, 1850-1923. Velhice do Padre Eterno
=830  \0 $a Project Gutenberg $v 33276
=856  40 $u http://www.gutenberg.org/ebooks/33276

