=LDR  00825nas  2200253uu 4500
=000  00568cam\a22001693a\4500
=001  33277
=003  PGUSA
=005  20161217030020.0
=008  100727s2010||||xxu|||||s|||||000\1\eng\d
=040  \\ $a PGUSA $b eng
=042  \\ $a dc
=050  \4$aPR
=100  1\ $a Jenkins, Herbert George, $d 1876-1923
=245  10 $a John Dene of Toronto : $b A Comedy of Whitehall $h [electronic resource] / $c Herbert George Jenkins
=260  \\ $b Project Gutenberg, $c 2010
=506  \\ $a Public domain in the USA.
=516  \\ $a Text
=653  \\ $a Inventors -- Fiction
=653  \\ $a Whitehall (London, England) -- Fiction
=653  \\ $a Missing persons -- Fiction
=653  \\ $a Secret service -- Fiction
=830  \0 $a Project Gutenberg $v 33277
=856  40 $u http://www.gutenberg.org/ebooks/33277

