=LDR  00742nas  2200229uu 4500
=000  00568cam\a22001693a\4500
=001  33278
=003  PGUSA
=005  20161217030020.0
=008  100728s2010||||xxu|||||s|||||000\|\eng\d
=040  \\ $a PGUSA $b eng
=042  \\ $a dc
=050  \4$aD501
=100  1\ $a Cassells, Joe
=245  14 $a The Black Watch : $b A Record in Action $h [electronic resource] / $c Joe Cassells
=260  \\ $b Project Gutenberg, $c 2010
=506  \\ $a Public domain in the USA.
=516  \\ $a Text
=653  \\ $a Great Britain. Army. Black Watch (Royal Highlanders)
=653  \\ $a World War, 1914-1918 -- Personal narratives, English
=830  \0 $a Project Gutenberg $v 33278
=856  40 $u http://www.gutenberg.org/ebooks/33278

