=LDR  00967nas  2200241uu 4500
=000  00568cam\a22001693a\4500
=001  33280
=003  PGUSA
=005  20161217030020.0
=008  100728s2010||||xxu|||||s|||||000\|\eng\d
=040  \\ $a PGUSA $b eng
=042  \\ $a dc
=050  \4$aE456
=100  1\ $a Meyer, Henry C. $q (Henry Coddington), $d 1844-1935
=245  10 $a Civil War Experiences : $b $b under Bayard, Gregg, Kilpatrick, Custer, Raulston, and Newberry, 1862, 1863, 1864 $h [electronic resource] / $c Henry C. Meyer
=260  \\ $b Project Gutenberg, $c 2010
=506  \\ $a Public domain in the USA.
=516  \\ $a Text
=653  \\ $a United States -- History -- Civil War, 1861-1865 -- Personal narratives
=653  \\ $a United States. Army. New York Cavalry Regiment, 2nd (1861-1865)
=653  \\ $a United States. Army. New York Cavalry Regiment, 24th (1864-1865)
=830  \0 $a Project Gutenberg $v 33280
=856  40 $u http://www.gutenberg.org/ebooks/33280

