=LDR  00836nas  2200253uu 4500
=000  00568cam\a22001693a\4500
=001  33282
=003  PGUSA
=005  20161217030020.0
=008  100728s2010||||xxu|||||s|||||000\1\eng\d
=040  \\ $a PGUSA $b eng
=042  \\ $a dc
=050  \4$aPZ
=100  1\ $a Webster, Frank V.
=245  14 $a The Boy Pilot of the Lakes; Or, Nat Morton's Perils $h [electronic resource] / $c Frank V. Webster
=260  \\ $b Project Gutenberg, $c 2010
=506  \\ $a Public domain in the USA.
=516  \\ $a Text
=653  \\ $a Great Lakes (North America) -- Juvenile fiction
=653  \\ $a Pilots and pilotage -- Juvenile fiction
=653  \\ $a Rescues -- Juvenile fiction
=653  \\ $a Mystery and detective stories
=830  \0 $a Project Gutenberg $v 33282
=856  40 $u http://www.gutenberg.org/ebooks/33282

