=LDR  00833nas  2200217uu 4500
=000  00568cam\a22001693a\4500
=001  33283
=003  PGUSA
=005  20161217030020.0
=008  100728s2010||||xxu|||||s|||||000\|\eng\d
=040  \\ $a PGUSA $b eng
=042  \\ $a dc
=050  \4$aQA
=100  1\ $a Thompson, Silvanus P. $q (Silvanus Phillips), $d 1851-1916
=245  10 $a Calculus Made Easy : $b $b Being a very-simplest introduction to those beautiful methods which are generally called by the terrifying names of the Differential Calculus and the Integral Calculus $h [electronic resource] / $c Silvanus P. Thompson
=260  \\ $b Project Gutenberg, $c 2010
=506  \\ $a Public domain in the USA.
=516  \\ $a Text
=653  \\ $a Calculus
=830  \0 $a Project Gutenberg $v 33283
=856  40 $u http://www.gutenberg.org/ebooks/33283

