=LDR  00779nas  2200229uu 4500
=000  00568cam\a22001693a\4500
=001  33284
=003  PGUSA
=005  20161217030020.0
=008  100728s2010||||xxu|||||s|||||000\1\dut\d
=040  \\ $a PGUSA $b dut
=042  \\ $a dc
=050  \4$aPZ
=100  1\ $a Geerling, Otto, $d 1850-
=245  10 $a De Zwervers van het Groote Leger : $b Historisch verhaal uit het tijdperk 1810-1813 $h [electronic resource] / $c Otto Geerling
=260  \\ $b Project Gutenberg, $c 2010
=506  \\ $a Public domain in the USA.
=516  \\ $a Text
=653  \\ $a Historical fiction
=653  \\ $a Napoleonic Wars, 1800-1815 -- Campaigns -- Russia -- Juvenile fiction
=830  \0 $a Project Gutenberg $v 33284
=856  40 $u http://www.gutenberg.org/ebooks/33284

