=LDR  00696nas  2200241uu 4500
=000  00568cam\a22001693a\4500
=001  33285
=003  PGUSA
=005  20161217030020.0
=008  100728s2010||||xxu|||||s|||||000\|\eng\d
=040  \\ $a PGUSA $b eng
=042  \\ $a dc
=050  \4$aHQ
=100  1\ $a O'Rell, Max, $d 1848-1903
=245  10 $a Her Royal Highness Woman $h [electronic resource] / $c Max O'Rell
=260  \\ $b Project Gutenberg, $c 2010
=506  \\ $a Public domain in the USA.
=516  \\ $a Text
=653  \\ $a Women -- Conduct of life
=653  \\ $a Domestic relations
=653  \\ $a Love
=830  \0 $a Project Gutenberg $v 33285
=856  40 $u http://www.gutenberg.org/ebooks/33285

