=LDR  00815nas  2200229uu 4500
=000  00568cam\a22001693a\4500
=001  33286
=003  PGUSA
=005  20161217030020.0
=008  100729s2010||||xxu|||||s|||||000\|\eng\d
=040  \\ $a PGUSA $b eng
=042  \\ $a dc
=050  \4$aE456
=100  1\ $a Hopkins, Luther W., $d 1843-
=245  10 $a From Bull Run to Appomattox : $b A Boy's View $h [electronic resource] / $c Luther W. Hopkins
=260  \\ $b Project Gutenberg, $c 2010
=506  \\ $a Public domain in the USA.
=516  \\ $a Text
=653  \\ $a United States -- History -- Civil War, 1861-1865 -- Personal narratives, Confederate
=653  \\ $a Confederate States of America. Army. Virginia Cavalry Regiment, 6th
=830  \0 $a Project Gutenberg $v 33286
=856  40 $u http://www.gutenberg.org/ebooks/33286

