=LDR  00707nas  2200229uu 4500
=000  00568cam\a22001693a\4500
=001  33287
=003  PGUSA
=005  20161217030020.0
=008  100729s2010||||xxu|||||s|||||000\|\eng\d
=040  \\ $a PGUSA $b eng
=042  \\ $a dc
=050  \4$aTS
=100  1\ $a Curling, H. Onslow
=245  10 $a Hints on the Use and Handling of Firearms Generally, and the Revolver in Particular $h [electronic resource] / $c H. Onslow Curling
=260  \\ $b Project Gutenberg, $c 2010
=506  \\ $a Public domain in the USA.
=516  \\ $a Text
=653  \\ $a Revolvers
=653  \\ $a Firearms
=830  \0 $a Project Gutenberg $v 33287
=856  40 $u http://www.gutenberg.org/ebooks/33287

