=LDR  00771nas  2200229uu 4500
=000  00568cam\a22001693a\4500
=001  33288
=003  PGUSA
=005  20161217030020.0
=008  100729s2010||||xxu|||||s|||||000\|\eng\d
=040  \\ $a PGUSA $b eng
=042  \\ $a dc
=050  \4$aBS
=100  1\ $a Nicoll, W. Robertson, $c Sir $q (William Robertson), $d 1851-1923
=245  14 $a The Expositor's Bible : $b The Gospel of St John, Vol. II $h [electronic resource] / $c W. Robertson, Nicoll
=260  \\ $b Project Gutenberg, $c 2010
=506  \\ $a Public domain in the USA.
=516  \\ $a Text
=653  \\ $a Bible. John -- Criticism, interpretation, etc.
=653  \\ $a Bible. John
=830  \0 $a Project Gutenberg $v 33288
=856  40 $u http://www.gutenberg.org/ebooks/33288

