=LDR  00696nas  2200229uu 4500
=000  00568cam\a22001693a\4500
=001  33289
=003  PGUSA
=005  20161217030020.0
=008  100729s2010||||xxu|||||s|||||000\1\eng\d
=040  \\ $a PGUSA $b eng
=042  \\ $a dc
=050  \4$aPS
=100  1\ $a Grant, Gordon, $d 1875-1962
=245  14 $a The Loves of Ambrose $h [electronic resource] / $c Gordon Grant
=260  \\ $b Project Gutenberg, $c 2010
=506  \\ $a Public domain in the USA.
=516  \\ $a Text
=653  \\ $a Marriage -- Fiction
=653  \\ $a Kentucky -- Social life and customs -- Fiction
=830  \0 $a Project Gutenberg $v 33289
=856  40 $u http://www.gutenberg.org/ebooks/33289

