=LDR  00812nas  2200241uu 4500
=000  00568cam\a22001693a\4500
=001  33290
=003  PGUSA
=005  20161217030020.0
=008  100730s2010||||xxu|||||s|||||000\|\eng\d
=040  \\ $a PGUSA $b eng
=042  \\ $a dc
=050  \4$aBV
=100  1\ $a Burgett, Arthur Edward, $d 1869-1942
=245  14 $a The Door of Heaven : $b A Manual for Holy Communion $h [electronic resource] / $c Arthur Edward Burgett
=260  \\ $b Project Gutenberg, $c 2010
=506  \\ $a Public domain in the USA.
=516  \\ $a Text
=653  \\ $a Anglican Communion -- Liturgy
=653  \\ $a Eucharistic prayers -- Anglican Communion
=653  \\ $a Anglican Communion -- Prayers and devotions
=830  \0 $a Project Gutenberg $v 33290
=856  40 $u http://www.gutenberg.org/ebooks/33290

