=LDR  00787nas  2200241uu 4500
=000  00568cam\a22001693a\4500
=001  33291
=003  PGUSA
=005  20161217030020.0
=008  100730s2010||||xxu|||||s|||||000\|\eng\d
=040  \\ $a PGUSA $b eng
=042  \\ $a dc
=050  \4$aGV
=100  1\ $a Wheeler, John N. $q (John Neville), $d 1886-1925
=245  10 $a Pitching in a Pinch; or, Baseball from the Inside $h [electronic resource] / $c John N. Wheeler
=260  \\ $b Project Gutenberg, $c 2010
=506  \\ $a Public domain in the USA.
=516  \\ $a Text
=653  \\ $a Mathewson, Christy, 1880-1925
=653  \\ $a Baseball -- United States -- History
=653  \\ $a Pitching (Baseball)
=830  \0 $a Project Gutenberg $v 33291
=856  40 $u http://www.gutenberg.org/ebooks/33291

