=LDR  00779nas  2200253uu 4500
=000  00568cam\a22001693a\4500
=001  33293
=003  PGUSA
=005  20161217030020.0
=008  100730s2010||||xxu|||||s|||||000\1\eng\d
=040  \\ $a PGUSA $b eng
=042  \\ $a dc
=050  \4$aPR
=100  1\ $a Hope, Anthony, $d 1863-1933
=245  14 $a The Great Miss Driver $h [electronic resource] / $c Anthony Hope
=260  \\ $b Project Gutenberg, $c 2010
=506  \\ $a Public domain in the USA.
=516  \\ $a Text
=653  \\ $a Inheritance and succession -- Fiction
=653  \\ $a Young women -- Fiction
=653  \\ $a Private secretaries -- Fiction
=653  \\ $a Elopement -- Fiction
=830  \0 $a Project Gutenberg $v 33293
=856  40 $u http://www.gutenberg.org/ebooks/33293

