=LDR  00720nas  2200241uu 4500
=000  00568cam\a22001693a\4500
=001  33294
=003  PGUSA
=005  20161217030020.0
=008  100730s2010||||xxu|||||s|||||000\1\eng\d
=040  \\ $a PGUSA $b eng
=042  \\ $a dc
=050  \4$aPT
=100  1\ $a Stern, Simon Adler, $d 1838-1904
=245  10 $a On the Heights : $b A Novel $h [electronic resource] / $c Simon Adler Stern
=260  \\ $b Project Gutenberg, $c 2010
=506  \\ $a Public domain in the USA.
=516  \\ $a Text
=653  \\ $a Guilt -- Fiction
=653  \\ $a Forgiveness -- Fiction
=653  \\ $a Love -- Fiction
=830  \0 $a Project Gutenberg $v 33294
=856  40 $u http://www.gutenberg.org/ebooks/33294

