=LDR  00921nas  2200229uu 4500
=000  00568cam\a22001693a\4500
=001  33296
=003  PGUSA
=005  20161217030020.0
=008  100730s2010||||xxu|||||s|||||000\|\eng\d
=040  \\ $a PGUSA $b eng
=042  \\ $a dc
=050  \4$aBS
=100  1\ $a Brown, Charles Reynolds, $d 1862-1950
=245  10 $a Five Young Men : $b Messages of Yesterday for the Young Men of To-day $h [electronic resource] / $c Charles Reynolds Brown
=260  \\ $b Project Gutenberg, $c 2010
=505  0\ $a The young man who was a favourite son -- The young man who was an athlete -- The young man who became king -- The young man who was born to the purple -- The young man who changed the history of the world.
=506  \\ $a Public domain in the USA.
=516  \\ $a Text
=653  \\ $a Men in the Bible
=830  \0 $a Project Gutenberg $v 33296
=856  40 $u http://www.gutenberg.org/ebooks/33296

