=LDR  00729nas  2200217uu 4500
=000  00568cam\a22001693a\4500
=001  33297
=003  PGUSA
=005  20161217030020.0
=008  100731s2010||||xxu|||||s|||||000\|\dut\d
=040  \\ $a PGUSA $b dut
=042  \\ $a dc
=050  \4$aD501
=100  1\ $a Velde, Henri van de, $d 1892-1942
=245  10 $a Van Aardappel-mes tot Officiersdegen : $b $b Uit het Dagboek van een Landstormplichtige. $h [electronic resource] / $c Henri van de Velde
=260  \\ $b Project Gutenberg, $c 2010
=506  \\ $a Public domain in the USA.
=516  \\ $a Text
=653  \\ $a World War, 1914-1918 -- Netherlands
=830  \0 $a Project Gutenberg $v 33297
=856  40 $u http://www.gutenberg.org/ebooks/33297

