=LDR  00832nas  2200253uu 4500
=000  00568cam\a22001693a\4500
=001  33298
=003  PGUSA
=005  20161217030020.0
=008  100731s2010||||xxu|||||s|||||000\1\eng\d
=040  \\ $a PGUSA $b eng
=042  \\ $a dc
=050  \4$aPR
=100  1\ $a Le Queux, William, $d 1864-1927
=245  10 $a Spies of the Kaiser : $b Plotting the Downfall of England $h [electronic resource] / $c William Le Queux
=260  \\ $b Project Gutenberg, $c 2010
=506  \\ $a Public domain in the USA.
=516  \\ $a Text
=653  \\ $a Spy stories
=653  \\ $a Great Britain -- History -- Invasions -- Fiction
=653  \\ $a Espionage, German -- Fiction
=653  \\ $a Intelligence service -- Fiction
=830  \0 $a Project Gutenberg $v 33298
=856  40 $u http://www.gutenberg.org/ebooks/33298

