=LDR  00652nas  2200217uu 4500
=000  00568cam\a22001693a\4500
=001  33299
=003  PGUSA
=005  20161217030020.0
=008  100731s2010||||xxu|||||s|||||000\|\eng\d
=040  \\ $a PGUSA $b eng
=042  \\ $a dc
=050  \4$aPZ
=100  1\ $a Kidder, Daniel P. $q (Daniel Parish), $d 1815-1891
=245  14 $a The Five Giants $h [electronic resource] / $c Daniel P. Kidder
=260  \\ $b Project Gutenberg, $c 2010
=506  \\ $a Public domain in the USA.
=516  \\ $a Text
=653  \\ $a Children's stories
=830  \0 $a Project Gutenberg $v 33299
=856  40 $u http://www.gutenberg.org/ebooks/33299

