=LDR  00733nas  2200229uu 4500
=000  00568cam\a22001693a\4500
=001  33301
=003  PGUSA
=005  20161217030020.0
=008  100731s2010||||xxu|||||s|||||000\1\eng\d
=040  \\ $a PGUSA $b eng
=042  \\ $a dc
=050  \4$aPS
=100  1\ $a Green, Anna Katharine, $d 1846-1935
=245  14 $a The Sword of Damocles : $b A Story of New York Life $h [electronic resource] / $c Anna Katharine Green
=260  \\ $b Project Gutenberg, $c 2010
=506  \\ $a Public domain in the USA.
=516  \\ $a Text
=653  \\ $a Detective and mystery stories
=653  \\ $a New York (N.Y.) -- Fiction
=830  \0 $a Project Gutenberg $v 33301
=856  40 $u http://www.gutenberg.org/ebooks/33301

