=LDR  00670nas  2200229uu 4500
=000  00568cam\a22001693a\4500
=001  33302
=003  PGUSA
=005  20161217030020.0
=008  100731s2010||||xxu|||||s|||||000\|\eng\d
=040  \\ $a PGUSA $b eng
=042  \\ $a dc
=050  \4$aKZ
=050  \4$aJX
=100  1\ $a Oppenheim, L. $q (Lassa), $d 1858-1919
=245  14 $a The Future of International Law $h [electronic resource] / $c L. Oppenheim
=260  \\ $b Project Gutenberg, $c 2010
=506  \\ $a Public domain in the USA.
=516  \\ $a Text
=653  \\ $a International law
=830  \0 $a Project Gutenberg $v 33302
=856  40 $u http://www.gutenberg.org/ebooks/33302

