=LDR  00654nas  2200217uu 4500
=000  00568cam\a22001693a\4500
=001  33303
=003  PGUSA
=005  20161217030020.0
=008  100731s2010||||xxu|||||s|||||000\|\eng\d
=040  \\ $a PGUSA $b eng
=042  \\ $a dc
=050  \4$aDK
=100  1\ $a Bury, Herbert, Bp., $d 1853-1933
=245  10 $a Russian Life To-day $h [electronic resource] / $c Herbert, Bp. Bury
=260  \\ $b Project Gutenberg, $c 2010
=506  \\ $a Public domain in the USA.
=516  \\ $a Text
=653  \\ $a Russia -- Social life and customs
=830  \0 $a Project Gutenberg $v 33303
=856  40 $u http://www.gutenberg.org/ebooks/33303

