=LDR  00840nas  2200253uu 4500
=000  00568cam\a22001693a\4500
=001  33304
=003  PGUSA
=005  20161217030020.0
=008  100731s2010||||xxu|||||s|||||000\1\eng\d
=040  \\ $a PGUSA $b eng
=042  \\ $a dc
=050  \4$aPZ
=100  1\ $a Adams, H. C. $q (Henry Cadwallader), $d 1817-1899
=245  10 $a Hair-Breadth Escapes : $b The Adventures of Three Boys in South Africa $h [electronic resource] / $c H. C. Adams
=260  \\ $b Project Gutenberg, $c 2010
=506  \\ $a Public domain in the USA.
=516  \\ $a Text
=653  \\ $a South Africa -- Juvenile fiction
=653  \\ $a Boys -- Juvenile fiction
=653  \\ $a Hunting -- Juvenile fiction
=653  \\ $a Adventure stories
=830  \0 $a Project Gutenberg $v 33304
=856  40 $u http://www.gutenberg.org/ebooks/33304

