=LDR  00865nas  2200277uu 4500
=000  00568cam\a22001693a\4500
=001  33306
=003  PGUSA
=005  20161217030020.0
=008  100731s2010||||xxu|||||s|||||000\1\eng\d
=040  \\ $a PGUSA $b eng
=042  \\ $a dc
=050  \4$aPS
=100  1\ $a Lynde, Francis, $d 1856-1930
=245  14 $a The King of Arcadia $h [electronic resource] / $c Francis Lynde
=260  \\ $b Project Gutenberg, $c 2010
=506  \\ $a Public domain in the USA.
=516  \\ $a Text
=653  \\ $a Colorado -- Fiction
=653  \\ $a Rocky Mountains -- Fiction
=653  \\ $a Dams -- Design and construction -- Fiction
=653  \\ $a Love stories
=653  \\ $a Civil engineers -- Fiction
=653  \\ $a Fathers and daughters -- Fiction
=830  \0 $a Project Gutenberg $v 33306
=856  40 $u http://www.gutenberg.org/ebooks/33306

