=LDR  00644nas  2200229uu 4500
=000  00568cam\a22001693a\4500
=001  33307
=003  PGUSA
=005  20161217030020.0
=008  100731s2010||||xxu|||||s|||||000\1\jpn\d
=040  \\ $a PGUSA $b jpn
=042  \\ $a dc
=050  \4$aPL
=100  1\ $a Mushanokoji, Saneatsu, $d 1885-1976
=245  10 $a 友情 $h [electronic resource] / $c Saneatsu Mushanokoji
=260  \\ $b Project Gutenberg, $c 2010
=506  \\ $a Public domain in the USA.
=516  \\ $a Text
=653  \\ $a Fiction
=740  0\ $a Yujo
=830  \0 $a Project Gutenberg $v 33307
=856  40 $u http://www.gutenberg.org/ebooks/33307

