=LDR  00756nas  2200229uu 4500
=000  00568cam\a22001693a\4500
=001  33309
=003  PGUSA
=005  20161217030020.0
=008  100731s2010||||xxu|||||s|||||000\1\eng\d
=040  \\ $a PGUSA $b eng
=042  \\ $a dc
=050  \4$aPR
=100  1\ $a Barclay, Florence L. $q (Florence Louisa), $d 1862-1921
=245  10 $a Through the Postern Gate : $b A Romance in Seven Days $h [electronic resource] / $c Florence L. Barclay
=260  \\ $b Project Gutenberg, $c 2010
=506  \\ $a Public domain in the USA.
=516  \\ $a Text
=653  \\ $a England -- Social life and customs -- Fiction
=653  \\ $a Love stories
=830  \0 $a Project Gutenberg $v 33309
=856  40 $u http://www.gutenberg.org/ebooks/33309

