=LDR  01569nas  2200229uu 4500
=000  00568cam\a22001693a\4500
=001  33310
=003  PGUSA
=005  20161217030020.0
=008  100731s2010||||xxu|||||s|||||000\|\eng\d
=040  \\ $a PGUSA $b eng
=042  \\ $a dc
=050  \4$aHB
=100  1\ $a Ricardo, David, $d 1772-1823
=245  10 $a On The Principles of Political Economy, and Taxation $h [electronic resource] / $c David Ricardo
=260  \\ $b Project Gutenberg, $c 2010
=505  0\ $a On value -- On rent -- On the rent of mines -- On natural and market price -- On wages -- On profits -- On foreign trade -- On taxes -- Taxes on raw produce -- Taxes on rent -- Tithes -- Land-tax -- Taxes on gold -- Taxes on houses -- Taxes on profits -- Taxes on wages -- Taxes on other commodities than raw produce -- Poor rates -- On sudden changes in the channels of trade -- Value and riches, their distinctive properties -- Effects of accumulation on profits and interest -- Bounties on exportation, and prohibitions of importation -- On bounties on production -- Doctrine of Adam Smith concerning the rent of land -- On colonial trade -- On gross and net revenue -- On currency and banks -- On the comparative value of gold, corn, and labour, in rich and in poor countries -- Taxes paid by the producer -- On the influence of demand and supply on prices -- Mr. Malthus's opinions on rent.
=506  \\ $a Public domain in the USA.
=516  \\ $a Text
=653  \\ $a Economics
=830  \0 $a Project Gutenberg $v 33310
=856  40 $u http://www.gutenberg.org/ebooks/33310

