=LDR  00664nas  2200217uu 4500
=000  00568cam\a22001693a\4500
=001  33311
=003  PGUSA
=005  20161217030020.0
=008  100801s2010||||xxu|||||s|||||000\|\|||\d
=040  \\ $a PGUSA $b $
=042  \\ $a dc
=050  \4$aPA
=100  1\ $a Arrowsmith, Robert, $d 1860-1928
=245  10 $a Selections from Viri Romae $h [electronic resource] / $c Robert Arrowsmith
=260  \\ $b Project Gutenberg, $c 2010
=506  \\ $a Public domain in the USA.
=516  \\ $a Text
=653  \\ $a Latin language -- Readers -- Biography
=830  \0 $a Project Gutenberg $v 33311
=856  40 $u http://www.gutenberg.org/ebooks/33311

