=LDR  01013nas  2200265uu 4500
=000  00568cam\a22001693a\4500
=001  33313
=003  PGUSA
=005  20161217030020.0
=008  100801s2010||||xxu|||||s|||||000\|\eng\d
=040  \\ $a PGUSA $b eng
=042  \\ $a dc
=050  \4$aJA
=050  \4$aH
=100  1\ $a Andrews, Charles McLean, $d 1863-1943
=245  10 $a British Committees, Commissions, and Councils of Trade and Plantations, 1622-1675 $h [electronic resource] / $c Charles McLean Andrews
=260  \\ $b Project Gutenberg, $c 2010
=506  \\ $a Public domain in the USA.
=516  \\ $a Text
=653  \\ $a Great Britain -- Commercial policy -- History -- 17th century
=653  \\ $a Great Britain -- Colonies -- Administration -- History -- 17th century
=653  \\ $a Great Britain. Board of Trade -- Antecedents
=653  \\ $a Great Britain -- Colonies -- Administration -- History -- 19th century
=830  \0 $a Project Gutenberg $v 33313
=856  40 $u http://www.gutenberg.org/ebooks/33313

