=LDR  00800nas  2200277uu 4500
=000  00568cam\a22001693a\4500
=001  33314
=003  PGUSA
=005  20161217030020.0
=008  100801s2010||||xxu|||||s|||||000\1\eng\d
=040  \\ $a PGUSA $b eng
=042  \\ $a dc
=050  \4$aPS
=100  1\ $a Lefevre, Edwin, $d 1871-1943
=245  10 $a H. R. $h [electronic resource] / $c Edwin Lefevre
=260  \\ $b Project Gutenberg, $c 2010
=506  \\ $a Public domain in the USA.
=516  \\ $a Text
=653  \\ $a Bank employees -- Fiction
=653  \\ $a Satire
=653  \\ $a New York (N.Y.) -- Fiction
=653  \\ $a Labor unions -- Fiction
=653  \\ $a Advertising -- Fiction
=740  0\ $a H.R.
=830  \0 $a Project Gutenberg $v 33314
=856  40 $u http://www.gutenberg.org/ebooks/33314

