=LDR  01096nas  2200313uu 4500
=000  00568cam\a22001693a\4500
=001  33315
=003  PGUSA
=005  20161217030020.0
=008  100801s2010||||xxu|||||s|||||000\1\fre\d
=040  \\ $a PGUSA $b fre
=042  \\ $a dc
=050  \4$aPR
=100  1\ $a Scott, Walter, $d 1771-1832
=245  10 $a Ivanhoe (1/4) : $b $b Le retour du croisé $h [electronic resource] / $c Walter Scott
=260  \\ $b Project Gutenberg, $c 2010
=506  \\ $a Public domain in the USA.
=516  \\ $a Text
=653  \\ $a Normans -- Great Britain -- Fiction
=653  \\ $a Ivanhoe, Wilfred of, Sir (Fictitious character) -- Fiction
=653  \\ $a Jews -- England -- Fiction
=653  \\ $a Love stories
=653  \\ $a Historical fiction
=653  \\ $a Knights and knighthood -- Fiction
=653  \\ $a Great Britain -- History -- Richard I, 1189-1199 -- Fiction
=653  \\ $a Anglo-Saxons -- Fiction
=653  \\ $a Triangles (Interpersonal relations) -- Fiction
=830  \0 $a Project Gutenberg $v 33315
=856  40 $u http://www.gutenberg.org/ebooks/33315

