=LDR  00700nas  2200229uu 4500
=000  00568cam\a22001693a\4500
=001  33316
=003  PGUSA
=005  20161217030020.0
=008  100801s2010||||xxu|||||s|||||000\|\fre\d
=040  \\ $a PGUSA $b fre
=042  \\ $a dc
=050  \4$aDS
=100  1\ $a Loti, Pierre, $d 1850-1923
=245  10 $a Jérusalem $h [electronic resource] / $c Pierre Loti
=260  \\ $b Project Gutenberg, $c 2010
=506  \\ $a Public domain in the USA.
=516  \\ $a Text
=653  \\ $a Loti, Pierre, 1850-1923 -- Travel -- Jerusalem
=653  \\ $a Jerusalem -- Description and travel
=830  \0 $a Project Gutenberg $v 33316
=856  40 $u http://www.gutenberg.org/ebooks/33316

