=LDR  00686nas  2200217uu 4500
=000  00568cam\a22001693a\4500
=001  33317
=003  PGUSA
=005  20161217030020.0
=008  100801s2010||||xxu|||||s|||||000\|\ger\d
=040  \\ $a PGUSA $b ger
=042  \\ $a dc
=050  \4$aQA
=100  1\ $a Schottky, Friedrich, $d 1851-1935
=245  10 $a Abriss einer Theorie der Abelschen Functionen von drei Variabeln $h [electronic resource] / $c Friedrich Schottky
=260  \\ $b Project Gutenberg, $c 2010
=506  \\ $a Public domain in the USA.
=516  \\ $a Text
=653  \\ $a Functions, Abelian
=830  \0 $a Project Gutenberg $v 33317
=856  40 $u http://www.gutenberg.org/ebooks/33317

