=LDR  00770nas  2200217uu 4500
=000  00568cam\a22001693a\4500
=001  33318
=003  PGUSA
=005  20161217030020.0
=008  100801s2010||||xxu|||||s|||||000\|\eng\d
=040  \\ $a PGUSA $b eng
=042  \\ $a dc
=050  \4$aG
=100  1\ $a Paine, Ralph Delahaye, $d 1871-1925
=245  14 $a The Book of Buried Treasure : $b $b Being a True History of the Gold, Jewels, and Plate of Pirates, Galleons, etc., which are sought for to this day $h [electronic resource] / $c Ralph Delahaye Paine
=260  \\ $b Project Gutenberg, $c 2010
=506  \\ $a Public domain in the USA.
=516  \\ $a Text
=653  \\ $a Treasure troves
=830  \0 $a Project Gutenberg $v 33318
=856  40 $u http://www.gutenberg.org/ebooks/33318

