=LDR  00802nas  2200229uu 4500
=000  00568cam\a22001693a\4500
=001  33319
=003  PGUSA
=005  20161217030020.0
=008  100801s2010||||xxu|||||s|||||000\|\eng\d
=040  \\ $a PGUSA $b eng
=042  \\ $a dc
=050  \4$aG
=100  1\ $a Butterworth, Hezekiah, $d 1839-1905
=245  10 $a Zigzag Journeys in Europe : $b Vacation Rambles in Historic Lands $h [electronic resource] / $c Hezekiah Butterworth
=260  \\ $b Project Gutenberg, $c 2010
=506  \\ $a Public domain in the USA.
=516  \\ $a Text
=653  \\ $a England -- Description and travel -- Juvenile literature
=653  \\ $a France -- Description and travel -- Juvenile literature
=830  \0 $a Project Gutenberg $v 33319
=856  40 $u http://www.gutenberg.org/ebooks/33319

