=LDR  00748nas  2200241uu 4500
=000  00568cam\a22001693a\4500
=001  33320
=003  PGUSA
=005  20161217030020.0
=008  100802s2010||||xxu|||||s|||||000\|\eng\d
=040  \\ $a PGUSA $b eng
=042  \\ $a dc
=050  \4$aE151
=100  1\ $a Gladding, Effie Price
=245  10 $a Across the Continent by the Lincoln Highway $h [electronic resource] / $c Effie Price Gladding
=260  \\ $b Project Gutenberg, $c 2010
=506  \\ $a Public domain in the USA.
=516  \\ $a Text
=653  \\ $a Lincoln Highway
=653  \\ $a United States -- Description and travel
=653  \\ $a Automobile travel
=830  \0 $a Project Gutenberg $v 33320
=856  40 $u http://www.gutenberg.org/ebooks/33320

