=LDR  00861nas  2200265uu 4500
=000  00568cam\a22001693a\4500
=001  33322
=003  PGUSA
=005  20161217030020.0
=008  100802s2010||||xxu|||||s|||||000\|\eng\d
=040  \\ $a PGUSA $b eng
=042  \\ $a dc
=050  \4$aF2801
=100  1\ $a Baines, Thomas, $d 1806-1881
=245  10 $a Observations on the Present State of the Affairs of the River Plate $h [electronic resource] / $c Thomas Baines
=260  \\ $b Project Gutenberg, $c 2010
=506  \\ $a Public domain in the USA.
=516  \\ $a Text
=653  \\ $a Argentina -- Foreign relations -- Uruguay
=653  \\ $a Argentina
=653  \\ $a Uruguay -- Foreign relations -- Argentina
=653  \\ $a Uruguay
=653  \\ $a International relations
=830  \0 $a Project Gutenberg $v 33322
=856  40 $u http://www.gutenberg.org/ebooks/33322

