=LDR  00650nas  2200217uu 4500
=000  00568cam\a22001693a\4500
=001  33323
=003  PGUSA
=005  20161217030020.0
=008  100802s2010||||xxu|||||s|||||000\|\eng\d
=040  \\ $a PGUSA $b eng
=042  \\ $a dc
=050  \4$aSB
=100  1\ $a Biddle, Violet Purton
=245  10 $a Small Gardens, and How to Make the Most of Them $h [electronic resource] / $c Violet Purton Biddle
=260  \\ $b Project Gutenberg, $c 2010
=506  \\ $a Public domain in the USA.
=516  \\ $a Text
=653  \\ $a Gardening
=830  \0 $a Project Gutenberg $v 33323
=856  40 $u http://www.gutenberg.org/ebooks/33323

