=LDR  00859nas  2200217uu 4500
=000  00568cam\a22001693a\4500
=001  33324
=003  PGUSA
=005  20161217030020.0
=008  100802s2010||||xxu|||||s|||||000\|\eng\d
=040  \\ $a PGUSA $b eng
=042  \\ $a dc
=050  \4$aE660
=100  1\ $a Beard, James Melville
=245  10 $a K. K. K. Sketches, Humorous and Didactic : $b $b Treating the More Important Events of the Ku-Klux-Klan Movement in the South. With a Discussion of the Causes which gave Rise to it, and the Social and Political Issues Emanating from it. $h [electronic resource] / $c James Melville Beard
=260  \\ $b Project Gutenberg, $c 2010
=506  \\ $a Public domain in the USA.
=516  \\ $a Text
=653  \\ $a Ku Klux Klan (19th century)
=830  \0 $a Project Gutenberg $v 33324
=856  40 $u http://www.gutenberg.org/ebooks/33324

