=LDR  00763nas  2200253uu 4500
=000  00568cam\a22001693a\4500
=001  33325
=003  PGUSA
=005  20161217030020.0
=008  100802s2010||||xxu|||||s|||||000\1\eng\d
=040  \\ $a PGUSA $b eng
=042  \\ $a dc
=050  \4$aPS
=100  1\ $a James, Henry, $d 1843-1916
=245  14 $a The Spoils of Poynton $h [electronic resource] / $c Henry James
=260  \\ $b Project Gutenberg, $c 2010
=506  \\ $a Public domain in the USA.
=516  \\ $a Text
=653  \\ $a Domestic fiction
=653  \\ $a England -- Fiction
=653  \\ $a Country homes -- Fiction
=653  \\ $a Inheritance and succession -- Fiction
=830  \0 $a Project Gutenberg $v 33325
=856  40 $u http://www.gutenberg.org/ebooks/33325

