=LDR  00618nas  2200217uu 4500
=000  00568cam\a22001693a\4500
=001  33326
=003  PGUSA
=005  20161217030020.0
=008  100802s2010||||xxu|||||s|||||000\1\ger\d
=040  \\ $a PGUSA $b ger
=042  \\ $a dc
=050  \4$aPT
=100  1\ $a Edschmid, Kasimir, $d 1890-1966
=245  14 $a Die Amazone $h [electronic resource] / $c Kasimir Edschmid
=260  \\ $b Project Gutenberg, $c 2010
=506  \\ $a Public domain in the USA.
=516  \\ $a Text
=653  \\ $a Fiction
=830  \0 $a Project Gutenberg $v 33326
=856  40 $u http://www.gutenberg.org/ebooks/33326

