=LDR  00646nas  2200217uu 4500
=000  00568cam\a22001693a\4500
=001  33327
=003  PGUSA
=005  20161217030020.0
=008  100802s2010||||xxu|||||s|||||000\|\ger\d
=040  \\ $a PGUSA $b ger
=042  \\ $a dc
=050  \4$aPT
=100  1\ $a Leonhard, Rudolf, $d 1889-1953
=245  14 $a Das Werk Heinrich Manns $h [electronic resource] / $c Rudolf Leonhard
=260  \\ $b Project Gutenberg, $c 2010
=506  \\ $a Public domain in the USA.
=516  \\ $a Text
=653  \\ $a Mann, Heinrich, 1871-1950
=830  \0 $a Project Gutenberg $v 33327
=856  40 $u http://www.gutenberg.org/ebooks/33327

