=LDR  00718nas  2200229uu 4500
=000  00568cam\a22001693a\4500
=001  33328
=003  PGUSA
=005  20161217030020.0
=008  100802s2010||||xxu|||||s|||||000\1\ger\d
=040  \\ $a PGUSA $b ger
=042  \\ $a dc
=050  \4$aPQ
=100  1\ $a Mann, Heinrich, $d 1871-1950
=245  10 $a Flaubert und die Herkunft des modernen Romans $h [electronic resource] / $c Heinrich Mann
=260  \\ $b Project Gutenberg, $c 2010
=506  \\ $a Public domain in the USA.
=516  \\ $a Text
=653  \\ $a Flaubert, Gustave, 1821-1880
=653  \\ $a Fiction -- History and criticism
=830  \0 $a Project Gutenberg $v 33328
=856  40 $u http://www.gutenberg.org/ebooks/33328

