=LDR  00642nas  2200229uu 4500
=000  00568cam\a22001693a\4500
=001  33329
=003  PGUSA
=005  20161217030020.0
=008  100802s2010||||xxu|||||s|||||000\1\ger\d
=040  \\ $a PGUSA $b ger
=042  \\ $a dc
=050  \4$aPT
=100  1\ $a Mann, Heinrich, $d 1871-1950
=245  14 $a Der Vater $h [electronic resource] / $c Heinrich Mann
=260  \\ $b Project Gutenberg, $c 2010
=506  \\ $a Public domain in the USA.
=516  \\ $a Text
=653  \\ $a Short stories
=653  \\ $a Fiction
=830  \0 $a Project Gutenberg $v 33329
=856  40 $u http://www.gutenberg.org/ebooks/33329

