=LDR  00735nas  2200217uu 4500
=000  00568cam\a22001693a\4500
=001  33330
=003  PGUSA
=005  20161217030020.0
=008  100802s2010||||xxu|||||s|||||000\|\ger\d
=040  \\ $a PGUSA $b ger
=042  \\ $a dc
=050  \4$aQA
=100  1\ $a Hurwitz, Wallie Abraham, $d 1886-1958
=245  10 $a Randwertaufgaben bei Systemen von linearen partiellen Differentialgleichungen erster Ordnung $h [electronic resource] / $c Wallie Abraham Hurwitz
=260  \\ $b Project Gutenberg, $c 2010
=506  \\ $a Public domain in the USA.
=516  \\ $a Text
=653  \\ $a Differential equations, Partial
=830  \0 $a Project Gutenberg $v 33330
=856  40 $u http://www.gutenberg.org/ebooks/33330

