=LDR  00737nas  2200229uu 4500
=000  00568cam\a22001693a\4500
=001  33331
=003  PGUSA
=005  20161217030020.0
=008  100802s2010||||xxu|||||s|||||000\|\eng\d
=040  \\ $a PGUSA $b eng
=042  \\ $a dc
=050  \4$aHG
=100  1\ $a Harris, Joseph Theodore
=245  13 $a An Example of Communal Currency : $b The facts about the Guernsey Market House $h [electronic resource] / $c Joseph Theodore Harris
=260  \\ $b Project Gutenberg, $c 2010
=506  \\ $a Public domain in the USA.
=516  \\ $a Text
=653  \\ $a Paper money -- Guernsey
=653  \\ $a Finance -- Guernsey
=830  \0 $a Project Gutenberg $v 33331
=856  40 $u http://www.gutenberg.org/ebooks/33331

