=LDR  01372nas  2200253uu 4500
=000  00568cam\a22001693a\4500
=001  33332
=003  PGUSA
=005  20161217030020.0
=008  100803s2010||||xxu|||||s|||||000\|\dut\d
=040  \\ $a PGUSA $b dut
=042  \\ $a dc
=050  \4$aPN
=100  1\ $a Vedel, Vald., $d 1865-1942
=240  10 $a Ridderromantiken i fransk og tysk Middelalder. $l Dutch
=245  10 $a De Ridderromantiek der Franse en Duitse Middeleeuwen $h [electronic resource] / $c Vald. Vedel
=260  \\ $b Project Gutenberg, $c 2010
=505  0\ $a Van Baron-burcht tot Ridderhof -- Kristelike Gevoelskultuur -- Wereldlike Kultuur -- Hofkultuur -- "Salon-Poëzie" der Ridderkringen -- Zuid-Frankrijk -- De Kunst der Troubadours -- Minnekunst -- Geestelike Romans -- De Romantiek der Kruistochten -- De Alexander-Romans -- Romanties-Klassieke Literatuur -- Grieks-Oosterse Vertelkunst -- Matière de Bretagne -- Marie de France -- Tristan en Isolde -- Franse Ridderlikheid -- Bretonse Romans -- Duitse Ridderromantiek -- Ideaal Humanisme -- Het Einde der Ridderromantiek.
=506  \\ $a Public domain in the USA.
=516  \\ $a Text
=653  \\ $a Literature, Medieval -- History and criticism
=740  0\ $a Ridderromantiken i fransk og tysk Middelalder. Dutch
=830  \0 $a Project Gutenberg $v 33332
=856  40 $u http://www.gutenberg.org/ebooks/33332

