=LDR  00814nas  2200229uu 4500
=000  00568cam\a22001693a\4500
=001  33333
=003  PGUSA
=005  20161217030020.0
=008  100808s2010||||xxu|||||s|||||000\|\eng\d
=040  \\ $a PGUSA $b eng
=042  \\ $a dc
=050  \4$aKD
=110  1\ $a Great Britain. Parliament
=245  14 $a The Statute of Anne $h [electronic resource] / $c Great Britain. Parliament
=260  \\ $b Project Gutenberg, $c 2010
=506  \\ $a Public domain in the USA.
=516  \\ $a Text
=653  \\ $a Great Britain. Laws, statutes, etc. Anno octavo Annæ reginæ ... An act for the encouragement of learning -- Anne, 1702-1714
=653  \\ $a Copyright -- Great Britain -- History -- Sources
=830  \0 $a Project Gutenberg $v 33333
=856  40 $u http://www.gutenberg.org/ebooks/33333

