=LDR  01290nas  2200241uu 4500
=000  00568cam\a22001693a\4500
=001  33334
=003  PGUSA
=005  20161217030020.0
=008  100803s2010||||xxu|||||s|||||000\1\eng\d
=040  \\ $a PGUSA $b eng
=042  \\ $a dc
=050  \4$aPS
=100  1\ $a Prichard, Sarah J. $q (Sarah Johnson), $d 1830-1909
=245  14 $a The Only Woman in the Town, and Other Tales of the American Revolution $h [electronic resource] / $c Sarah J. Prichard
=260  \\ $b Project Gutenberg, $c 2010
=505  0\ $a The only woman in the town -- A Windham lamb in Boston town -- How one boy helped the British troops out of Boston in 1776 -- Pussy Dean's beacon fire -- David Bushnell and his American turtle -- The birthday of our nation -- The overthrow of the statue of King George -- Sleet and snow -- Patty Rutter: the Quaker doll who slept in Independence Hall -- Becca Blackstone's turkeys at Valley Forge -- How two little stockings saved Fort Safety -- A day and a night in the old Porter House.
=506  \\ $a Public domain in the USA.
=516  \\ $a Text
=653  \\ $a United States -- History -- Revolution, 1775-1783 -- Fiction
=653  \\ $a Short stories
=830  \0 $a Project Gutenberg $v 33334
=856  40 $u http://www.gutenberg.org/ebooks/33334

