=LDR  02212nas  2200241uu 4500
=000  00568cam\a22001693a\4500
=001  33335
=003  PGUSA
=005  20161217030020.0
=008  100803s2010||||xxu|||||s|||||000\|\eng\d
=040  \\ $a PGUSA $b eng
=042  \\ $a dc
=050  \4$aPS
=100  1\ $a Glass, Montague, $d 1877-1934
=245  10 $a Worrying Won't Win $h [electronic resource] / $c Montague Glass
=260  \\ $b Project Gutenberg, $c 2010
=505  0\ $a Potash and Perlmutter discuss the Czar business -- Potash and Perlmutter on soap-boxers and peace fellers -- Potash and Perlmutter on financing the war -- Potash and Perlmutter on Bernstorff's expense account -- Potash and Perlmutter discuss on the front page and off -- Potash and Perlmutter on Hooverizing the overhead -- Potash and Perlmutter on foreign affairs -- Potash and Perlmutter on Lordnorthcliffing versus Colonelhousing -- Potash and Perlmutter on national music and national currency -- Potash and Perlmutter on revolutionizing the revolution business -- Potash and Perlmutter discuss the sugar question -- Potash and Perlmutter discuss how to put the spurt in the expert -- Potash and Perlmutter on being an optician and looking on the bright side -- The liquor question: shall it be dry or extra dry? -- Potash and Perlmutter on peace with victory and without brokers, either -- Potash and Perlmutter on keeping it dark -- Potash and Perlmutter on the peace program, including the added extra feature and the supper turn -- Potash and Perlmutter on the new national holidays -- Mr. Wilson: that's all -- Potash and Perlmutter discuss the grand-opera business -- Potash and Perlmutter discuss the magazine in war-times -- Potash and Perlmutter on saving daylight, coal, and breath -- Potash and Perlmutter discuss why is a play-goer? -- Potash and Perlmutter discuss society: New York, human, and American -- Potash and Perlmutter discuss this here income tax.
=506  \\ $a Public domain in the USA.
=516  \\ $a Text
=653  \\ $a World War, 1914-1918 -- Caricatures and cartoons
=653  \\ $a World War, 1914-1918 -- United States
=830  \0 $a Project Gutenberg $v 33335
=856  40 $u http://www.gutenberg.org/ebooks/33335

