=LDR  00738nas  2200217uu 4500
=000  00568cam\a22001693a\4500
=001  33336
=003  PGUSA
=005  20161217030020.0
=008  100803s2010||||xxu|||||s|||||000\|\eng\d
=040  \\ $a PGUSA $b eng
=042  \\ $a dc
=050  \4$aPB
=100  1\ $a Borrow, George, $d 1803-1881
=245  14 $a The Welsh and Their Literature : $b $b from The London Quarterly Review, January 1861, American Edition $h [electronic resource] / $c George Borrow
=260  \\ $b Project Gutenberg, $c 2010
=506  \\ $a Public domain in the USA.
=516  \\ $a Text
=653  \\ $a Welsh literature -- History and criticism
=830  \0 $a Project Gutenberg $v 33336
=856  40 $u http://www.gutenberg.org/ebooks/33336

