=LDR  00897nas  2200229uu 4500
=000  00568cam\a22001693a\4500
=001  33337
=003  PGUSA
=005  20161217030020.0
=008  100803s2010||||xxu|||||s|||||000\|\eng\d
=040  \\ $a PGUSA $b eng
=042  \\ $a dc
=050  \4$aQB
=100  1\ $a Turner, H. H. $q (Herbert Hall), $d 1861-1930
=245  10 $a Astronomical Discovery $h [electronic resource] / $c H. H. Turner
=260  \\ $b Project Gutenberg, $c 2010
=505  0\ $a Uranus and Eros -- The discovery of Neptune -- Bradley's discoveries of the aberration of light and of the nutation of the earth's axis -- Accidental discoveries -- Schwabe and the sun-spot period -- The variation of latitude.
=506  \\ $a Public domain in the USA.
=516  \\ $a Text
=653  \\ $a Astronomy -- History
=830  \0 $a Project Gutenberg $v 33337
=856  40 $u http://www.gutenberg.org/ebooks/33337

