=LDR  00640nas  2200217uu 4500
=000  00568cam\a22001693a\4500
=001  33338
=003  PGUSA
=005  20161217030020.0
=008  100803s2010||||xxu|||||s|||||000\e\eng\d
=040  \\ $a PGUSA $b eng
=042  \\ $a dc
=050  \4$aPR
=100  1\ $a Yeats, W. B. $q (William Butler), $d 1865-1939
=245  10 $a Per Amica Silentia Lunae $h [electronic resource] / $c W. B. Yeats
=260  \\ $b Project Gutenberg, $c 2010
=506  \\ $a Public domain in the USA.
=516  \\ $a Text
=653  \\ $a Essays
=830  \0 $a Project Gutenberg $v 33338
=856  40 $u http://www.gutenberg.org/ebooks/33338

