=LDR  00981nas  2200301uu 4500
=000  00568cam\a22001693a\4500
=001  33339
=003  PGUSA
=005  20161217030020.0
=008  100803s2010||||xxu|||||s|||||000\1\fre\d
=040  \\ $a PGUSA $b fre
=042  \\ $a dc
=050  \4$aPZ
=100  1\ $a Reid, Mayne, $d 1818-1883
=240  10 $a The Bush Boys. $l French
=245  14 $a Les enfants des bois $h [electronic resource] / $c Mayne Reid
=260  \\ $b Project Gutenberg, $c 2010
=506  \\ $a Public domain in the USA.
=516  \\ $a Text
=653  \\ $a Camping -- Juvenile fiction
=653  \\ $a Big game hunting -- Juvenile fiction
=653  \\ $a Brothers -- Juvenile fiction
=653  \\ $a Fathers and sons -- Juvenile fiction
=653  \\ $a Africa, Southern -- Juvenile fiction
=653  \\ $a Outdoor life -- Juvenile fiction
=740  0\ $a The Bush Boys. French
=830  \0 $a Project Gutenberg $v 33339
=856  40 $u http://www.gutenberg.org/ebooks/33339

