=LDR  00725nas  2200229uu 4500
=000  00568cam\a22001693a\4500
=001  33340
=003  PGUSA
=005  20161217030020.0
=008  100803s2010||||xxu|||||s|||||000\|\eng\d
=040  \\ $a PGUSA $b eng
=042  \\ $a dc
=050  \4$aBV
=100  1\ $a Moody, Dwight Lyman, $d 1837-1899
=245  10 $a Weighed and Wanting : $b Addresses on the Ten Commandments $h [electronic resource] / $c Dwight Lyman Moody
=260  \\ $b Project Gutenberg, $c 2010
=506  \\ $a Public domain in the USA.
=516  \\ $a Text
=653  \\ $a Ten commandments -- Sermons
=653  \\ $a Sermons, American
=830  \0 $a Project Gutenberg $v 33340
=856  40 $u http://www.gutenberg.org/ebooks/33340

