=LDR  00759nas  2200241uu 4500
=000  00568cam\a22001693a\4500
=001  33341
=003  PGUSA
=005  20161217030020.0
=008  100803s2010||||xxu|||||s|||||000\|\eng\d
=040  \\ $a PGUSA $b eng
=042  \\ $a dc
=050  \4$aBT
=100  1\ $a Moody, Dwight Lyman, $d 1837-1899
=245  10 $a Secret Power; or, The Secret of Success in Christian Life and Work $h [electronic resource] / $c Dwight Lyman Moody
=260  \\ $b Project Gutenberg, $c 2010
=506  \\ $a Public domain in the USA.
=516  \\ $a Text
=653  \\ $a Baptism in the Holy Spirit
=653  \\ $a Christian life
=653  \\ $a Holy Spirit
=830  \0 $a Project Gutenberg $v 33341
=856  40 $u http://www.gutenberg.org/ebooks/33341

