=LDR  00781nas  2200229uu 4500
=000  00568cam\a22001693a\4500
=001  33342
=003  PGUSA
=005  20161217030020.0
=008  100803s2010||||xxu|||||s|||||000\|\eng\d
=040  \\ $a PGUSA $b eng
=042  \\ $a dc
=050  \4$aDU
=100  1\ $a Maning, Frederick Edward, $d 1812-1883
=245  10 $a Old New Zealand : $b Being Incidents of Native Customs and Character in the Old Times $h [electronic resource] / $c Frederick Edward Maning
=260  \\ $b Project Gutenberg, $c 2010
=506  \\ $a Public domain in the USA.
=516  \\ $a Text
=653  \\ $a New Zealand -- Description and travel
=653  \\ $a Maori (New Zealand people)
=830  \0 $a Project Gutenberg $v 33342
=856  40 $u http://www.gutenberg.org/ebooks/33342

