=LDR  01084nas  2200313uu 4500
=000  00568cam\a22001693a\4500
=001  33343
=003  PGUSA
=005  20161217030020.0
=008  100803s2010||||xxu|||||s|||||000\1\eng\d
=040  \\ $a PGUSA $b eng
=042  \\ $a dc
=050  \4$aPZ
=100  1\ $a Munroe, Kirk, $d 1850-1930
=245  10 $a Campmates : $b A Story of the Plains $h [electronic resource] / $c Kirk Munroe
=260  \\ $b Project Gutenberg, $c 2010
=506  \\ $a Public domain in the USA.
=516  \\ $a Text
=653  \\ $a Youth -- Conduct of life -- Juvenile fiction
=653  \\ $a Success -- Juvenile fiction
=653  \\ $a Outdoor life -- Juvenile fiction
=653  \\ $a Conduct of life -- Juvenile fiction
=653  \\ $a Engineers -- Juvenile fiction
=653  \\ $a Indians of North America -- Juvenile fiction
=653  \\ $a Missing children -- Juvenile fiction
=653  \\ $a Friendship -- Juvenile fiction
=653  \\ $a Diligence -- Juvenile fiction
=830  \0 $a Project Gutenberg $v 33343
=856  40 $u http://www.gutenberg.org/ebooks/33343

