=LDR  00794nas  2200241uu 4500
=000  00568cam\a22001693a\4500
=001  33344
=003  PGUSA
=005  20161217030020.0
=008  100803s2010||||xxu|||||s|||||000\|\eng\d
=040  \\ $a PGUSA $b eng
=042  \\ $a dc
=050  \4$aE201
=100  1\ $a Dodge, John, $d 1751-1800
=245  10 $a Narrative of Mr. John Dodge during his Captivity at Detroit $h [electronic resource] / $c John Dodge
=260  \\ $b Project Gutenberg, $c 2010
=506  \\ $a Public domain in the USA.
=516  \\ $a Text
=653  \\ $a United States -- History -- Revolution, 1775-1783 -- Prisoners and prisons
=653  \\ $a Detroit (Mich.)
=653  \\ $a Indian captivities
=830  \0 $a Project Gutenberg $v 33344
=856  40 $u http://www.gutenberg.org/ebooks/33344

