=LDR  00757nas  2200241uu 4500
=000  00568cam\a22001693a\4500
=001  33345
=003  PGUSA
=005  20161217030020.0
=008  100803s2010||||xxu|||||s|||||000\|\eng\d
=040  \\ $a PGUSA $b eng
=042  \\ $a dc
=050  \4$aPS
=100  1\ $a Kennard, Nina H.
=245  10 $a Lafcadio Hearn $h [electronic resource] / $c Nina H. Kennard
=260  \\ $b Project Gutenberg, $c 2010
=506  \\ $a Public domain in the USA.
=516  \\ $a Text
=653  \\ $a Authors, American -- 19th century -- Correspondence
=653  \\ $a Hearn, Lafcadio, 1850-1904
=653  \\ $a Hearn, Lafcadio, 1850-1904 -- Correspondence
=830  \0 $a Project Gutenberg $v 33345
=856  40 $u http://www.gutenberg.org/ebooks/33345

