=LDR  00830nas  2200241uu 4500
=000  00568cam\a22001693a\4500
=001  33346
=003  PGUSA
=005  20161217030020.0
=008  100804s2010||||xxu|||||s|||||000\|\eng\d
=040  \\ $a PGUSA $b eng
=042  \\ $a dc
=050  \4$aPS
=100  1\ $a Wood, Robert Williams, $d 1868-1955
=245  10 $a How to tell the Birds from the Flowers, and other Wood-cuts : $b $b A Revised Manual of Flornithology for Beginners $h [electronic resource] / $c Robert Williams Wood
=260  \\ $b Project Gutenberg, $c 2010
=500  \\ $a Illustrated by the author.
=506  \\ $a Public domain in the USA.
=516  \\ $a Text
=653  \\ $a American wit and humor
=653  \\ $a Nature study -- Humor
=830  \0 $a Project Gutenberg $v 33346
=856  40 $u http://www.gutenberg.org/ebooks/33346

