=LDR  00690nas  2200229uu 4500
=000  00568cam\a22001693a\4500
=001  33347
=003  PGUSA
=005  20161217030020.0
=008  100804s2010||||xxu|||||s|||||000\|\eng\d
=040  \\ $a PGUSA $b eng
=042  \\ $a dc
=050  \4$aNC
=100  1\ $a Vallance, Aymer, $d 1862-1943
=245  10 $a Aubrey Beardsley $h [electronic resource] / $c Aymer Vallance
=260  \\ $b Project Gutenberg, $c 2010
=506  \\ $a Public domain in the USA.
=516  \\ $a Text
=653  \\ $a Artists -- England -- Biography
=653  \\ $a Beardsley, Aubrey, 1872-1898
=830  \0 $a Project Gutenberg $v 33347
=856  40 $u http://www.gutenberg.org/ebooks/33347

