=LDR  00819nas  2200241uu 4500
=000  00568cam\a22001693a\4500
=001  33348
=003  PGUSA
=005  20161217030020.0
=008  100804s2010||||xxu|||||s|||||000\|\eng\d
=040  \\ $a PGUSA $b eng
=042  \\ $a dc
=050  \4$aPR
=100  1\ $a Yeats, W. B. $q (William Butler), $d 1865-1939
=245  10 $a Reveries over Childhood and Youth $h [electronic resource] / $c W. B. Yeats
=260  \\ $b Project Gutenberg, $c 2010
=506  \\ $a Public domain in the USA.
=516  \\ $a Text
=653  \\ $a Yeats, W. B. (William Butler), 1865-1939 -- Childhood and youth
=653  \\ $a Poets, Irish -- 19th century -- Biography
=653  \\ $a Ireland -- Social life and customs
=830  \0 $a Project Gutenberg $v 33348
=856  40 $u http://www.gutenberg.org/ebooks/33348

