=LDR  00665nas  2200217uu 4500
=000  00568cam\a22001693a\4500
=001  33349
=003  PGUSA
=005  20161217030020.0
=008  100804s2010||||xxu|||||s|||||000\|\eng\d
=040  \\ $a PGUSA $b eng
=042  \\ $a dc
=050  \4$aBS
=100  1\ $a Evans, William, $d 1870-1950
=245  14 $a The Shepherd Psalm : $b A Meditation $h [electronic resource] / $c William Evans
=260  \\ $b Project Gutenberg, $c 2010
=506  \\ $a Public domain in the USA.
=516  \\ $a Text
=653  \\ $a Bible. Psalms, XXIII -- Meditations
=830  \0 $a Project Gutenberg $v 33349
=856  40 $u http://www.gutenberg.org/ebooks/33349

