=LDR  00682nas  2200217uu 4500
=000  00568cam\a22001693a\4500
=001  33350
=003  PGUSA
=005  20161217030020.0
=008  100804s2010||||xxu|||||s|||||000\|\eng\d
=040  \\ $a PGUSA $b eng
=042  \\ $a dc
=050  \4$aNK
=100  1\ $a Cobden-Sanderson, T. J. $q (Thomas James), $d 1840-1922
=245  14 $a The Arts and Crafts Movement $h [electronic resource] / $c T. J. Cobden-Sanderson
=260  \\ $b Project Gutenberg, $c 2010
=506  \\ $a Public domain in the USA.
=516  \\ $a Text
=653  \\ $a Arts and crafts movement
=830  \0 $a Project Gutenberg $v 33350
=856  40 $u http://www.gutenberg.org/ebooks/33350

