=LDR  00776nas  2200229uu 4500
=000  00568cam\a22001693a\4500
=001  33352
=003  PGUSA
=005  20161217030020.0
=008  100804s2010||||xxu|||||s|||||000\1\eng\d
=040  \\ $a PGUSA $b eng
=042  \\ $a dc
=050  \4$aPZ
=100  1\ $a Rexford, Eben E. $q (Eben Eugene), $d 1848-1916
=245  10 $a Little Oskaloo; or, The White Whirlwind $h [electronic resource] / $c Eben E. Rexford
=260  \\ $b Project Gutenberg, $c 2010
=505  0\ $a Little Oskaloo; or, The White Whirlwind -- Treed by a bear.
=506  \\ $a Public domain in the USA.
=516  \\ $a Text
=653  \\ $a Indians of North America -- Juvenile fiction
=830  \0 $a Project Gutenberg $v 33352
=856  40 $u http://www.gutenberg.org/ebooks/33352

