=LDR  00814nas  2200253uu 4500
=000  00568cam\a22001693a\4500
=001  33353
=003  PGUSA
=005  20161217030020.0
=008  100805s2010||||xxu|||||s|||||000\1\eng\d
=040  \\ $a PGUSA $b eng
=042  \\ $a dc
=050  \4$aPR
=100  1\ $a Jenkins, Herbert George, $d 1876-1923
=245  10 $a Patricia Brent, Spinster $h [electronic resource] / $c Herbert George Jenkins
=260  \\ $b Project Gutenberg, $c 2010
=506  \\ $a Public domain in the USA.
=516  \\ $a Text
=653  \\ $a Boardinghouses -- Fiction
=653  \\ $a Love stories
=653  \\ $a England -- Social life and customs -- 20th century -- Fiction
=653  \\ $a Single women -- Fiction
=830  \0 $a Project Gutenberg $v 33353
=856  40 $u http://www.gutenberg.org/ebooks/33353

