=LDR  00684nas  2200217uu 4500
=000  00568cam\a22001693a\4500
=001  33354
=003  PGUSA
=005  20161217030020.0
=008  100805s2010||||xxu|||||s|||||000\1\gre\d
=040  \\ $a PGUSA $b gre
=042  \\ $a dc
=050  \4$aPA
=100  1\ $a Papadiamantes, Alexandros, $d 1851-1911
=245  10 $a Η χολεριασμένη : $b Τα μετά θάνατον $h [electronic resource] / $c Alexandros Papadiamantes
=260  \\ $b Project Gutenberg, $c 2010
=506  \\ $a Public domain in the USA.
=516  \\ $a Text
=653  \\ $a Fiction
=830  \0 $a Project Gutenberg $v 33354
=856  40 $u http://www.gutenberg.org/ebooks/33354

