=LDR  00628nas  2200217uu 4500
=000  00568cam\a22001693a\4500
=001  33355
=003  PGUSA
=005  20161217030020.0
=008  100805s2010||||xxu|||||s|||||000\|\eng\d
=040  \\ $a PGUSA $b eng
=042  \\ $a dc
=050  \4$aDU
=100  1\ $a Gleasner, Bill
=245  10 $a Oahu Traveler's guide $h [electronic resource] / $c Bill Gleasner
=260  \\ $b Project Gutenberg, $c 2010
=506  \\ $a Public domain in the USA.
=516  \\ $a Text
=653  \\ $a Oahu (Hawaii) -- Guidebooks
=830  \0 $a Project Gutenberg $v 33355
=856  40 $u http://www.gutenberg.org/ebooks/33355

