=LDR  00942nas  2200241uu 4500
=000  00568cam\a22001693a\4500
=001  33356
=003  PGUSA
=005  20161217030020.0
=008  100805s2010||||xxu|||||s|||||000\|\eng\d
=040  \\ $a PGUSA $b eng
=042  \\ $a dc
=050  \4$aPR
=100  1\ $a Compton-Rickett, Arthur, $d 1869-1937
=245  14 $a The Vagabond in Literature $h [electronic resource] / $c Arthur Compton-Rickett
=260  \\ $b Project Gutenberg, $c 2010
=505  0\ $a Introduction: The vagabond element in modern literature -- William Hazlitt -- Thomas De Quincey -- George Borrow -- Henry D. Thoreau -- Robert Louis Stevenson -- Richard Jefferies -- Walt Whitman.
=506  \\ $a Public domain in the USA.
=516  \\ $a Text
=653  \\ $a English literature -- 19th century -- History and criticism
=653  \\ $a Bohemianism
=830  \0 $a Project Gutenberg $v 33356
=856  40 $u http://www.gutenberg.org/ebooks/33356

