=LDR  00823nas  2200229uu 4500
=000  00568cam\a22001693a\4500
=001  33357
=003  PGUSA
=005  20161217030020.0
=008  100806s2010||||xxu|||||s|||||000\|\eng\d
=040  \\ $a PGUSA $b eng
=042  \\ $a dc
=050  \4$aE456
=100  1\ $a Clark, William H., $d 1840-
=245  10 $a Reminiscences of the Thirty-Fourth Regiment, Mass. Vol. Infantry $h [electronic resource] / $c William H. Clark
=260  \\ $b Project Gutenberg, $c 2010
=506  \\ $a Public domain in the USA.
=516  \\ $a Text
=653  \\ $a United States. Army. Massachusetts Infantry Regiment, 34th (1862-1865)
=653  \\ $a United States -- History -- Civil War, 1861-1865 -- Regimental histories
=830  \0 $a Project Gutenberg $v 33357
=856  40 $u http://www.gutenberg.org/ebooks/33357

