=LDR  00760nas  2200241uu 4500
=000  00568cam\a22001693a\4500
=001  33358
=003  PGUSA
=005  20161217030020.0
=008  100806s2010||||xxu|||||s|||||000\|\eng\d
=040  \\ $a PGUSA $b eng
=042  \\ $a dc
=050  \4$aMT
=100  1\ $a Cooke, James Francis, $d 1875-1960
=245  10 $a Great Singers on the Art of Singing : $b $b Educational Conferences with Foremost Artists $h [electronic resource] / $c James Francis Cooke
=260  \\ $b Project Gutenberg, $c 2010
=506  \\ $a Public domain in the USA.
=516  \\ $a Text
=653  \\ $a Singers
=653  \\ $a Voice culture
=653  \\ $a Singing
=830  \0 $a Project Gutenberg $v 33358
=856  40 $u http://www.gutenberg.org/ebooks/33358

