=LDR  00828nas  2200241uu 4500
=000  00568cam\a22001693a\4500
=001  33359
=003  PGUSA
=005  20161217030020.0
=008  100806s2010||||xxu|||||s|||||000\|\eng\d
=040  \\ $a PGUSA $b eng
=042  \\ $a dc
=050  \4$aDS
=100  1\ $a Candler, Edmund, $d 1874-1926
=245  14 $a The Unveiling of Lhasa $h [electronic resource] / $c Edmund Candler
=260  \\ $b Project Gutenberg, $c 2010
=506  \\ $a Public domain in the USA.
=516  \\ $a Text
=653  \\ $a Tibet Autonomous Region (China) -- Description and travel
=653  \\ $a Candler, Edmund, 1874-1926 -- Travel -- China -- Tibet Autonomous Region
=653  \\ $a British -- China -- Tibet Autonomous Region
=830  \0 $a Project Gutenberg $v 33359
=856  40 $u http://www.gutenberg.org/ebooks/33359

