=LDR  00952nas  2200301uu 4500
=000  00568cam\a22001693a\4500
=001  33360
=003  PGUSA
=005  20161217030020.0
=008  100806s2010||||xxu|||||s|||||000\1\dan\d
=040  \\ $a PGUSA $b dan
=042  \\ $a dc
=050  \4$aPQ
=100  1\ $a Verne, Jules, $d 1828-1905
=245  10 $a Kaptajnen paa 15 Aar (I Slavelænker) $h [electronic resource] / $c Jules Verne
=260  \\ $b Project Gutenberg, $c 2010
=500  \\ $a Abridged translation of "Un capitaine de quinze ans."
=506  \\ $a Public domain in the USA.
=516  \\ $a Text
=653  \\ $a Ship captains -- Fiction
=653  \\ $a Adventure stories
=653  \\ $a Sailors -- Fiction
=653  \\ $a Slaves -- Fiction
=653  \\ $a Cooks -- Fiction
=653  \\ $a Voyages and travels -- Fiction
=653  \\ $a Whales -- Fiction
=830  \0 $a Project Gutenberg $v 33360
=856  40 $u http://www.gutenberg.org/ebooks/33360

