=LDR  01695nas  2200385uu 4500
=000  00568cam\a22001693a\4500
=001  33361
=003  PGUSA
=005  20161217030020.0
=008  100806s2010||||xxu|||||s|||||000\1\eng\d
=040  \\ $a PGUSA $b eng
=042  \\ $a dc
=050  \4$aPZ
=100  1\ $a Baum, L. Frank $q (Lyman Frank), $d 1856-1919
=245  10 $a Ozma of Oz : $b $b A Record of Her Adventures with Dorothy Gale of Kansas, the Yellow Hen, the Scarecrow, the Tin Woodman, Tiktok, the Cowardly Lion, and the Hungry Tiger; Besides Other Good People too Numerous to Mention Faithfully Recorded Herein $h [electronic resource] / $c L. Frank Baum
=260  \\ $b Project Gutenberg, $c 2010
=506  \\ $a Public domain in the USA.
=516  \\ $a Text
=653  \\ $a Voyages and travels -- Juvenile fiction
=653  \\ $a Oz (Imaginary place) -- Juvenile fiction
=653  \\ $a Kings and rulers -- Juvenile fiction
=653  \\ $a Fantasy
=653  \\ $a Vacations -- Juvenile fiction
=653  \\ $a Magic -- Juvenile fiction
=653  \\ $a Gale, Dorothy (Fictitious character) -- Juvenile fiction
=653  \\ $a Tin Woodman (Fictitious character) -- Juvenile fiction
=653  \\ $a Cowardly Lion (Fictitious character) -- Juvenile fiction
=653  \\ $a Hens -- Juvenile fiction
=653  \\ $a Uncles -- Juvenile fiction
=653  \\ $a Princess Ozma (Fictitious character) -- Juvenile fiction
=653  \\ $a Steamboats -- Juvenile fiction
=653  \\ $a Physicians -- Juvenile fiction
=653  \\ $a Scarecrow (Fictitious character from Baum) -- Juvenile fiction
=830  \0 $a Project Gutenberg $v 33361
=856  40 $u http://www.gutenberg.org/ebooks/33361

