=LDR  00775nas  2200241uu 4500
=000  00568cam\a22001693a\4500
=001  33362
=003  PGUSA
=005  20161217030020.0
=008  100806s2010||||xxu|||||s|||||000\|\eng\d
=040  \\ $a PGUSA $b eng
=042  \\ $a dc
=050  \4$aF001
=100  1\ $a Appleton, Samuel, $d 1766-1853
=245  14 $a The Will of Samuel Appleton, with Remarks by One of the Executors $h [electronic resource] / $c Samuel Appleton
=260  \\ $b Project Gutenberg, $c 2010
=506  \\ $a Public domain in the USA.
=516  \\ $a Text
=653  \\ $a Appleton family
=653  \\ $a Appleton, Samuel, 1766-1853 -- Will
=653  \\ $a Wills -- Massachusetts
=830  \0 $a Project Gutenberg $v 33362
=856  40 $u http://www.gutenberg.org/ebooks/33362

