=LDR  00757nas  2200229uu 4500
=000  00568cam\a22001693a\4500
=001  33363
=003  PGUSA
=005  20161217030020.0
=008  100806s2010||||xxu|||||s|||||000\p\eng\d
=040  \\ $a PGUSA $b eng
=042  \\ $a dc
=050  \4$aPR
=100  1\ $a Browning, Elizabeth Barrett, $d 1806-1861
=245  14 $a The Poetical Works of Elizabeth Barrett Browning, Volume 2 $h [electronic resource] / $c Elizabeth Barrett Browning
=260  \\ $b Project Gutenberg, $c 2010
=506  \\ $a Public domain in the USA.
=516  \\ $a Text
=653  \\ $a English poetry -- 19th century
=653  \\ $a Poetry, Modern -- 19th century
=830  \0 $a Project Gutenberg $v 33363
=856  40 $u http://www.gutenberg.org/ebooks/33363

