=LDR  00785nas  2200253uu 4500
=000  00568cam\a22001693a\4500
=001  33364
=003  PGUSA
=005  20161217030020.0
=008  100806s2010||||xxu|||||s|||||000\|\eng\d
=040  \\ $a PGUSA $b eng
=042  \\ $a dc
=050  \4$aQH
=050  \4$aQL
=100  1\ $a Phillips, Gary L., $d 1929-1992
=245  12 $a A New Subspecies of the Fruit-eating Bat, Sturnira ludovici, From Western Mexico $h [electronic resource] / $c Gary L. Phillips
=260  \\ $b Project Gutenberg, $c 2010
=506  \\ $a Public domain in the USA.
=516  \\ $a Text
=653  \\ $a Mammals -- Mexico
=653  \\ $a Bats -- Mexico
=653  \\ $a Sturnira ludovici
=830  \0 $a Project Gutenberg $v 33364
=856  40 $u http://www.gutenberg.org/ebooks/33364

