=LDR  00726nas  2200241uu 4500
=000  00568cam\a22001693a\4500
=001  33367
=003  PGUSA
=005  20161217030020.0
=008  100807s2010||||xxu|||||s|||||000\|\eng\d
=040  \\ $a PGUSA $b eng
=042  \\ $a dc
=050  \4$aD
=100  1\ $a Woolson, Constance Fenimore, $d 1840-1894
=245  10 $a Mentone, Cairo, and Corfu $h [electronic resource] / $c Constance Fenimore Woolson
=260  \\ $b Project Gutenberg, $c 2010
=506  \\ $a Public domain in the USA.
=516  \\ $a Text
=653  \\ $a Cairo (Egypt)
=653  \\ $a Menton (France)
=653  \\ $a Kerkyra (Greece)
=830  \0 $a Project Gutenberg $v 33367
=856  40 $u http://www.gutenberg.org/ebooks/33367

