=LDR  00861nas  2200265uu 4500
=000  00568cam\a22001693a\4500
=001  33368
=003  PGUSA
=005  20161217030020.0
=008  100807s2010||||xxu|||||s|||||000\1\eng\d
=040  \\ $a PGUSA $b eng
=042  \\ $a dc
=050  \4$aPZ
=100  1\ $a Hood, Tom, $d 1835-1874
=245  10 $a Tales of the Toys, Told by Themselves $h [electronic resource] / $c Tom Hood
=260  \\ $b Project Gutenberg, $c 2010
=506  \\ $a Public domain in the USA.
=516  \\ $a Text
=653  \\ $a Conduct of life -- Juvenile fiction
=653  \\ $a Children's stories
=653  \\ $a Toys -- Juvenile fiction
=653  \\ $a Brothers and sisters -- Juvenile fiction
=653  \\ $a Children -- Conduct of life -- Juvenile fiction
=830  \0 $a Project Gutenberg $v 33368
=856  40 $u http://www.gutenberg.org/ebooks/33368

