=LDR  00724nas  2200229uu 4500
=000  00568cam\a22001693a\4500
=001  33369
=003  PGUSA
=005  20161217030020.0
=008  100807s2010||||xxu|||||s|||||000\|\ger\d
=040  \\ $a PGUSA $b ger
=042  \\ $a dc
=050  \4$aQA
=100  1\ $a Koenigsberger, Leo, $d 1837-1921
=245  10 $a Vorlesungen ueber die Theorie der Hyperelliptischen Integrale $h [electronic resource] / $c Leo Koenigsberger
=260  \\ $b Project Gutenberg, $c 2010
=506  \\ $a Public domain in the USA.
=516  \\ $a Text
=653  \\ $a Functions, Abelian
=653  \\ $a Integrals, Hyperelliptic
=830  \0 $a Project Gutenberg $v 33369
=856  40 $u http://www.gutenberg.org/ebooks/33369

