=LDR  00723nas  2200241uu 4500
=000  00568cam\a22001693a\4500
=001  33370
=003  PGUSA
=005  20161217030020.0
=008  100807s2010||||xxu|||||s|||||000\|\eng\d
=040  \\ $a PGUSA $b eng
=042  \\ $a dc
=050  \4$aQC
=100  1\ $a Boys, C. V. $q (Charles Vernon), $d 1855-1944
=245  10 $a Soap-Bubbles and the Forces Which Mould Them $h [electronic resource] / $c C. V. Boys
=260  \\ $b Project Gutenberg, $c 2010
=506  \\ $a Public domain in the USA.
=516  \\ $a Text
=653  \\ $a Surface tension
=653  \\ $a Capillarity
=653  \\ $a Bubbles
=830  \0 $a Project Gutenberg $v 33370
=856  40 $u http://www.gutenberg.org/ebooks/33370

