=LDR  00626nas  2200217uu 4500
=000  00568cam\a22001693a\4500
=001  33371
=003  PGUSA
=005  20161217030020.0
=008  100807s2010||||xxu|||||s|||||000\|\eng\d
=040  \\ $a PGUSA $b eng
=042  \\ $a dc
=050  \4$aSF
=100  1\ $a Trecartin, John S.
=245  10 $a Raising P. V. Squabs for Profit $h [electronic resource] / $c John S. Trecartin
=260  \\ $b Project Gutenberg, $c 2010
=506  \\ $a Public domain in the USA.
=516  \\ $a Text
=653  \\ $a Pigeons
=830  \0 $a Project Gutenberg $v 33371
=856  40 $u http://www.gutenberg.org/ebooks/33371

