=LDR  00911nas  2200265uu 4500
=000  00568cam\a22001693a\4500
=001  33372
=003  PGUSA
=005  20161217030020.0
=008  100808s2010||||xxu|||||s|||||000\1\eng\d
=040  \\ $a PGUSA $b eng
=042  \\ $a dc
=050  \4$aPZ
=100  1\ $a Woodworth, Francis C. $q (Francis Channing), $d 1812-1859
=245  14 $a The Peddler's Boy; Or, I'll Be Somebody $h [electronic resource] / $c Francis C. Woodworth
=260  \\ $b Project Gutenberg, $c 2010
=506  \\ $a Public domain in the USA.
=516  \\ $a Text
=653  \\ $a Children -- Conduct of life -- Juvenile fiction
=653  \\ $a Diligence -- Juvenile fiction
=653  \\ $a Peddlers -- Juvenile fiction
=653  \\ $a Success -- Juvenile fiction
=653  \\ $a Conduct of life -- Juvenile fiction
=830  \0 $a Project Gutenberg $v 33372
=856  40 $u http://www.gutenberg.org/ebooks/33372

