=LDR  00675nas  2200217uu 4500
=000  00568cam\a22001693a\4500
=001  33373
=003  PGUSA
=005  20161217030020.0
=008  100808s2010||||xxu|||||s|||||000\|\eng\d
=040  \\ $a PGUSA $b eng
=042  \\ $a dc
=050  \4$aQH
=100  1\ $a Smith, Hobart M. $q (Hobart Muir), $d 1912-2013
=245  10 $a Kyphosis and other Variations in Soft-shelled Turtles $h [electronic resource] / $c Hobart M. Smith
=260  \\ $b Project Gutenberg, $c 2010
=506  \\ $a Public domain in the USA.
=516  \\ $a Text
=653  \\ $a Turtles
=830  \0 $a Project Gutenberg $v 33373
=856  40 $u http://www.gutenberg.org/ebooks/33373

