=LDR  00944nas  2200289uu 4500
=000  00568cam\a22001693a\4500
=001  33374
=003  PGUSA
=005  20161217030020.0
=008  100808s2010||||xxu|||||s|||||000\1\eng\d
=040  \\ $a PGUSA $b eng
=042  \\ $a dc
=050  \4$aPS
=100  1\ $a Sawyer, Robert J., $d 1960-
=245  10 $a Wake (First 25,000 words) $h [electronic resource] / $c Robert J. Sawyer
=260  \\ $b Project Gutenberg, $c 2010
=500  \\ $a Excerpt.
=506  \\ $a Copyrighted. Read the copyright notice inside this book for details.
=516  \\ $a Text
=653  \\ $a World Wide Web -- Fiction
=653  \\ $a Blind women -- Fiction
=653  \\ $a Artificial intelligence -- Fiction
=653  \\ $a Implants, Artificial -- Fiction
=653  \\ $a Science fiction
=653  \\ $a Women mathematicians -- Fiction
=830  \0 $a Project Gutenberg $v 33374
=856  40 $u http://www.gutenberg.org/ebooks/33374

