=LDR  00675nas  2200217uu 4500
=000  00568cam\a22001693a\4500
=001  33376
=003  PGUSA
=005  20161217030020.0
=008  100808s2010||||xxu|||||s|||||000\|\eng\d
=040  \\ $a PGUSA $b eng
=042  \\ $a dc
=050  \4$aHV
=100  1\ $a Haines, Charles Reginald
=245  12 $a A Vindication of England's Policy with Regard to the Opium Trade $h [electronic resource] / $c Charles Reginald Haines
=260  \\ $b Project Gutenberg, $c 2010
=506  \\ $a Public domain in the USA.
=516  \\ $a Text
=653  \\ $a Opium trade
=830  \0 $a Project Gutenberg $v 33376
=856  40 $u http://www.gutenberg.org/ebooks/33376

