=LDR  00662nas  2200217uu 4500
=000  00568cam\a22001693a\4500
=001  33377
=003  PGUSA
=005  20161217030020.0
=008  100808s2010||||xxu|||||s|||||000\|\por\d
=040  \\ $a PGUSA $b por
=042  \\ $a dc
=050  \4$aNA
=100  1\ $a Fuschini, Augusto, $d 1843-1911
=245  12 $a A architectura religiosa na Edade Média $h [electronic resource] / $c Augusto Fuschini
=260  \\ $b Project Gutenberg, $c 2010
=506  \\ $a Public domain in the USA.
=516  \\ $a Text
=653  \\ $a Religious architecture
=830  \0 $a Project Gutenberg $v 33377
=856  40 $u http://www.gutenberg.org/ebooks/33377

