=LDR  00735nas  2200229uu 4500
=000  00568cam\a22001693a\4500
=001  33378
=003  PGUSA
=005  20161217030020.0
=008  100808s2010||||xxu|||||s|||||000\1\fre\d
=040  \\ $a PGUSA $b fre
=042  \\ $a dc
=050  \4$aPQ
=100  1\ $a Adam, Paul, $d 1862-1920
=245  10 $a Au soleil de juillet (1829-1830) : $b $b Le temps et la vie $h [electronic resource] / $c Paul Adam
=260  \\ $b Project Gutenberg, $c 2010
=506  \\ $a Public domain in the USA.
=516  \\ $a Text
=653  \\ $a Historical fiction
=653  \\ $a France -- History -- July Revolution, 1830 -- Fiction
=830  \0 $a Project Gutenberg $v 33378
=856  40 $u http://www.gutenberg.org/ebooks/33378

