=LDR  00653nas  2200217uu 4500
=000  00568cam\a22001693a\4500
=001  33379
=003  PGUSA
=005  20161217030020.0
=008  100808s2010||||xxu|||||s|||||000\|\eng\d
=040  \\ $a PGUSA $b eng
=042  \\ $a dc
=050  \4$aRM
=100  1\ $a Proudfit, Fairfax T. $q (Fairfax Throckmorton)
=245  10 $a Dietetics for Nurses $h [electronic resource] / $c Fairfax T. Proudfit
=260  \\ $b Project Gutenberg, $c 2010
=506  \\ $a Public domain in the USA.
=516  \\ $a Text
=653  \\ $a Diet in disease
=830  \0 $a Project Gutenberg $v 33379
=856  40 $u http://www.gutenberg.org/ebooks/33379

