=LDR  01009nas  2200241uu 4500
=000  00568cam\a22001693a\4500
=001  33380
=003  PGUSA
=005  20161217030020.0
=008  100808s2010||||xxu|||||s|||||000\1\eng\d
=040  \\ $a PGUSA $b eng
=042  \\ $a dc
=050  \4$aPR
=100  1\ $a Creswicke, Louis
=245  10 $a Love's Usuries $h [electronic resource] / $c Louis Creswicke
=260  \\ $b Project Gutenberg, $c 2010
=505  0\ $a Love's usuries -- A quaint elopement -- Trooper Jones of the Light Brigade -- The "Celibate" Club (dialogue) -- In the cradle of the deep -- Some crazy patchwork -- "The soul of me" -- In a cornfield (dialogue) -- On the eve of the regatta -- Peach bloom -- Twin souls (dialogue) -- Pain's pensioners -- For love or science? -- Romance of the coulisses.
=506  \\ $a Public domain in the USA.
=516  \\ $a Text
=653  \\ $a Short stories
=653  \\ $a Fiction
=830  \0 $a Project Gutenberg $v 33380
=856  40 $u http://www.gutenberg.org/ebooks/33380

