=LDR  00689nas  2200229uu 4500
=000  00568cam\a22001693a\4500
=001  33381
=003  PGUSA
=005  20161217030020.0
=008  100808s2010||||xxu|||||s|||||000\1\eng\d
=040  \\ $a PGUSA $b eng
=042  \\ $a dc
=050  \4$aPZ
=100  1\ $a Clark, Joan, $d 1905-2002
=245  10 $a Penny Nichols Finds a Clue $h [electronic resource] / $c Joan Clark
=260  \\ $b Project Gutenberg, $c 2010
=506  \\ $a Public domain in the USA.
=516  \\ $a Text
=653  \\ $a Thieves -- Juvenile fiction
=653  \\ $a Detective and mystery stories
=830  \0 $a Project Gutenberg $v 33381
=856  40 $u http://www.gutenberg.org/ebooks/33381

