=LDR  00916nas  2200277uu 4500
=000  00568cam\a22001693a\4500
=001  33384
=003  PGUSA
=005  20161217030020.0
=008  100809s2010||||xxu|||||s|||||000\1\eng\d
=040  \\ $a PGUSA $b eng
=042  \\ $a dc
=050  \4$aPZ
=100  1\ $a Fortescue, J. W., $c Sir $q (John William), $d 1859-1933
=245  14 $a The Story of a Red Deer $h [electronic resource] / $c J. W., Fortescue
=260  \\ $b Project Gutenberg, $c 2010
=506  \\ $a Public domain in the USA.
=516  \\ $a Text
=653  \\ $a Animals -- Juvenile fiction
=653  \\ $a Fox hunting -- Juvenile fiction
=653  \\ $a Natural history -- Juvenile fiction
=653  \\ $a Death -- Juvenile fiction
=653  \\ $a Hunting -- Juvenile fiction
=653  \\ $a Red deer -- Juvenile fiction
=830  \0 $a Project Gutenberg $v 33384
=856  40 $u http://www.gutenberg.org/ebooks/33384

