=LDR  00755nas  2200253uu 4500
=000  00568cam\a22001693a\4500
=001  33386
=003  PGUSA
=005  20161217030020.0
=008  100809s2010||||xxu|||||s|||||000\1\eng\d
=040  \\ $a PGUSA $b eng
=042  \\ $a dc
=050  \4$aPQ
=100  1\ $a Leblanc, Maurice, $d 1864-1941
=245  14 $a The Tremendous Event $h [electronic resource] / $c Maurice Leblanc
=260  \\ $b Project Gutenberg, $c 2010
=506  \\ $a Public domain in the USA.
=516  \\ $a Text
=653  \\ $a English Channel -- Fiction
=653  \\ $a Adventure stories
=653  \\ $a Earthquakes -- Fiction
=653  \\ $a Science fiction
=830  \0 $a Project Gutenberg $v 33386
=856  40 $u http://www.gutenberg.org/ebooks/33386

