=LDR  01139nas  2200337uu 4500
=000  00568cam\a22001693a\4500
=001  33388
=003  PGUSA
=005  20161217030020.0
=008  100809s2010||||xxu|||||s|||||000\1\fre\d
=040  \\ $a PGUSA $b fre
=042  \\ $a dc
=050  \4$aPR
=100  1\ $a Montolieu, Isabelle de, $d 1751-1832
=245  10 $a Raison et sensibilité, ou les deux manières d'aimer (Tome 1) $h [electronic resource] / $c Isabelle de Montolieu
=260  \\ $b Project Gutenberg, $c 2010
=506  \\ $a Public domain in the USA.
=516  \\ $a Text
=653  \\ $a Regency fiction
=653  \\ $a Domestic fiction
=653  \\ $a Love stories
=653  \\ $a Sisters -- Fiction
=653  \\ $a Mate selection -- Fiction
=653  \\ $a Social classes -- Fiction
=653  \\ $a Gentry -- England -- Fiction
=653  \\ $a Young women -- Fiction
=653  \\ $a England -- Fiction
=653  \\ $a England -- Social life and customs -- 19th century -- Fiction
=653  \\ $a Inheritance and succession -- Fiction
=830  \0 $a Project Gutenberg $v 33388
=856  40 $u http://www.gutenberg.org/ebooks/33388

