=LDR  00725nas  2200229uu 4500
=000  00568cam\a22001693a\4500
=001  33389
=003  PGUSA
=005  20161217030020.0
=008  100809s2010||||xxu|||||s|||||000\1\eng\d
=040  \\ $a PGUSA $b eng
=042  \\ $a dc
=050  \4$aPZ
=100  1\ $a Campbell, John, $d 1869-1947
=245  12 $a A Pair of Schoolgirls : $b A Story of School Days $h [electronic resource] / $c John Campbell
=260  \\ $b Project Gutenberg, $c 2010
=506  \\ $a Public domain in the USA.
=516  \\ $a Text
=653  \\ $a Girls -- Juvenile fiction
=653  \\ $a Schools -- England -- Juvenile fiction
=830  \0 $a Project Gutenberg $v 33389
=856  40 $u http://www.gutenberg.org/ebooks/33389

