=LDR  00692nas  2200241uu 4500
=000  00568cam\a22001693a\4500
=001  33392
=003  PGUSA
=005  20161217030020.0
=008  100809s2010||||xxu|||||s|||||000\1\eng\d
=040  \\ $a PGUSA $b eng
=042  \\ $a dc
=050  \4$aPS
=100  1\ $a Stahr, Paul, $d 1883-1953
=245  10 $a In and Out $h [electronic resource] / $c Paul Stahr
=260  \\ $b Project Gutenberg, $c 2010
=506  \\ $a Public domain in the USA.
=516  \\ $a Text
=653  \\ $a Murder -- Fiction
=653  \\ $a Detective and mystery stories
=740  0\ $a In and Out
=830  \0 $a Project Gutenberg $v 33392
=856  40 $u http://www.gutenberg.org/ebooks/33392

