=LDR  00727nas  2200241uu 4500
=000  00568cam\a22001693a\4500
=001  33393
=003  PGUSA
=005  20161217030020.0
=008  101123s2010||||xxu|||||s|||||000\1\eng\d
=040  \\ $a PGUSA $b eng
=042  \\ $a dc
=050  \4$aPS
=100  1\ $a Phelps, Elizabeth Stuart, $d 1844-1911
=245  10 $a Avery $h [electronic resource] / $c Elizabeth Stuart Phelps
=260  \\ $b Project Gutenberg, $c 2010
=506  \\ $a Public domain in the USA.
=516  \\ $a Text
=653  \\ $a Married people -- Fiction
=653  \\ $a Invalids -- Fiction
=653  \\ $a Conduct of life -- Fiction
=830  \0 $a Project Gutenberg $v 33393
=856  40 $u http://www.gutenberg.org/ebooks/33393

