=LDR  00660nas  2200217uu 4500
=000  00568cam\a22001693a\4500
=001  33394
=003  PGUSA
=005  20161217030020.0
=008  100809s2010||||xxu|||||s|||||000\|\eng\d
=040  \\ $a PGUSA $b eng
=042  \\ $a dc
=050  \4$aQK
=100  1\ $a Thatcher, Roscoe Wilfred, $d 1872-1933
=245  14 $a The Chemistry of Plant Life $h [electronic resource] / $c Roscoe Wilfred Thatcher
=260  \\ $b Project Gutenberg, $c 2010
=506  \\ $a Public domain in the USA.
=516  \\ $a Text
=653  \\ $a Botanical chemistry
=830  \0 $a Project Gutenberg $v 33394
=856  40 $u http://www.gutenberg.org/ebooks/33394

