=LDR  00818nas  2200253uu 4500
=000  00568cam\a22001693a\4500
=001  33396
=003  PGUSA
=005  20161217030020.0
=008  100810s2010||||xxu|||||s|||||000\|\gre\d
=040  \\ $a PGUSA $b gre
=042  \\ $a dc
=050  \4$aBT
=100  1\ $a Papadiamantes, Alexandros, $d 1851-1911
=240  10 $a The life of Christ. $l Greek
=245  10 $a Ο Βίος του Χριστού $h [electronic resource] / $c Alexandros Papadiamantes
=260  \\ $b Project Gutenberg, $c 2010
=500  \\ $a Translation of: The Life of Christ
=506  \\ $a Public domain in the USA.
=516  \\ $a Text
=653  \\ $a Jesus Christ -- Biography
=740  0\ $a The life of Christ. Greek
=830  \0 $a Project Gutenberg $v 33396
=856  40 $u http://www.gutenberg.org/ebooks/33396

