=LDR  00708nas  2200229uu 4500
=000  00568cam\a22001693a\4500
=001  33397
=003  PGUSA
=005  20161217030020.0
=008  100810s2010||||xxu|||||s|||||000\|\eng\d
=040  \\ $a PGUSA $b eng
=042  \\ $a dc
=050  \4$aQC
=100  1\ $a Lawrence Radiation Laboratory
=245  10 $a LRL Accelerators, The 184-Inch Synchrocyclotron $h [electronic resource] / $c Lawrence Radiation Laboratory
=260  \\ $b Project Gutenberg, $c 2010
=506  \\ $a Public domain in the USA.
=516  \\ $a Text
=653  \\ $a Particle Accelerators
=653  \\ $a Cyclotrons
=830  \0 $a Project Gutenberg $v 33397
=856  40 $u http://www.gutenberg.org/ebooks/33397

