=LDR  00748nas  2200217uu 4500
=000  00568cam\a22001693a\4500
=001  33398
=003  PGUSA
=005  20161217030020.0
=008  100810s2010||||xxu|||||s|||||000\|\eng\d
=040  \\ $a PGUSA $b eng
=042  \\ $a dc
=050  \4$aPR
=245  12 $a A Select Collection of Old English Plays, Volume 14 $h [electronic resource]
=260  \\ $b Project Gutenberg, $c 2010
=505  0\ $a The rebellion -- Lust's dominion; or, The lascivious queen -- Andromana; or, The merchant's wife -- Lady Alimony -- The parson's wedding.
=506  \\ $a Public domain in the USA.
=516  \\ $a Text
=653  \\ $a English drama
=830  \0 $a Project Gutenberg $v 33398
=856  40 $u http://www.gutenberg.org/ebooks/33398

