=LDR  00687nas  2200241uu 4500
=000  00568cam\a22001693a\4500
=001  33399
=003  PGUSA
=005  20161217030020.0
=008  100810s2010||||xxu|||||s|||||000\1\eng\d
=040  \\ $a PGUSA $b eng
=042  \\ $a dc
=050  \4$aPS
=100  1\ $a Lynde, Francis, $d 1856-1930
=245  12 $a A Romance in Transit $h [electronic resource] / $c Francis Lynde
=260  \\ $b Project Gutenberg, $c 2010
=506  \\ $a Public domain in the USA.
=516  \\ $a Text
=653  \\ $a Fiction
=653  \\ $a Railroad stories
=653  \\ $a Love stories
=830  \0 $a Project Gutenberg $v 33399
=856  40 $u http://www.gutenberg.org/ebooks/33399

