=LDR  00703nas  2200229uu 4500
=000  00568cam\a22001693a\4500
=001  33400
=003  PGUSA
=005  20161217030020.0
=008  100810s2010||||xxu|||||s|||||000\1\eng\d
=040  \\ $a PGUSA $b eng
=042  \\ $a dc
=050  \4$aPS
=100  1\ $a Dodd, Lee Wilson, $d 1879-1933
=245  14 $a The Book of Susan : $b A Novel $h [electronic resource] / $c Lee Wilson Dodd
=260  \\ $b Project Gutenberg, $c 2010
=506  \\ $a Public domain in the USA.
=516  \\ $a Text
=653  \\ $a New Haven (Conn.) -- Fiction
=653  \\ $a Guardian and ward -- Fiction
=830  \0 $a Project Gutenberg $v 33400
=856  40 $u http://www.gutenberg.org/ebooks/33400

