=LDR  00684nas  2200217uu 4500
=000  00568cam\a22001693a\4500
=001  33402
=003  PGUSA
=005  20161217030020.0
=008  100811s2010||||xxu|||||s|||||000\|\eng\d
=040  \\ $a PGUSA $b eng
=042  \\ $a dc
=050  \4$aPS
=100  1\ $a Higginson, Thomas Wentworth, $d 1823-1911
=245  10 $a Henry Wadsworth Longfellow $h [electronic resource] / $c Thomas Wentworth Higginson
=260  \\ $b Project Gutenberg, $c 2010
=506  \\ $a Public domain in the USA.
=516  \\ $a Text
=653  \\ $a Longfellow, Henry Wadsworth, 1807-1882
=830  \0 $a Project Gutenberg $v 33402
=856  40 $u http://www.gutenberg.org/ebooks/33402

