=LDR  02237nas  2200253uu 4500
=000  00568cam\a22001693a\4500
=001  33403
=003  PGUSA
=005  20161217030020.0
=008  100810s2010||||xxu|||||s|||||000\p\eng\d
=040  \\ $a PGUSA $b eng
=042  \\ $a dc
=050  \4$aPS
=100  1\ $a Stein, Gertrude, $d 1874-1946
=245  10 $a Geography and Plays $h [electronic resource] / $c Gertrude Stein
=260  \\ $b Project Gutenberg, $c 2010
=505  0\ $a Susie Asado -- Ada -- Miss Furr and Miss Skeene -- A collection -- France -- Americans -- Italians -- A sweet tail (Gypsies) -- The history of Belmonte -- In the grass (on Spain) -- England -- Mallorcan stories -- Scenes. Actions and dispostions of relations and positions -- The king or something (the public is invited to dance) -- Publishers, the portrait gallery, and the manuscripts of the British Museum -- Roche -- Braque -- Portrait of Prince B. D. -- Mrs. Whitehead -- Portrait of Constance Fletcher -- A poem about Walberg -- Johnny Grey -- A portrait of F. B. -- Sacred Emily -- IIIIIIIIII -- One (van Vechten) -- One. Harry Phelan Gibb -- A curtain raiser -- Ladies voices (curtain raiser) -- What happened. A play in five acts -- White wines. Three acts -- Do let us go away. A play -- For the country entirely. A play in letters -- Turkey bones and eating and we liked it. A play -- Every afternoon. A dialogue -- Captain Walter Arnold. A play -- Please do not suffer. A play -- He said it. Monologue -- Counting her dresses. A Play -- I like it to be a play. A play -- Not sightly. A play -- Bonne Annee. A play -- Mexico. A play -- A family of perhaps three -- Advertisements -- Pink melon joy -- If you had three husbands -- Work again -- Tourty or tourtebattre. A story of the Great War -- Next (life and letters of Marcel Duchamp) -- Land of nations (sub title: And ask Asia) -- Accents on Alsace. A reasonable tragedy -- The psychology of nations or What are you looking at.
=506  \\ $a Public domain in the USA.
=516  \\ $a Text
=653  \\ $a American drama -- 20th century
=653  \\ $a Experimental fiction, American
=653  \\ $a Prose poems
=830  \0 $a Project Gutenberg $v 33403
=856  40 $u http://www.gutenberg.org/ebooks/33403

