=LDR  00637nas  2200217uu 4500
=000  00568cam\a22001693a\4500
=001  33404
=003  PGUSA
=005  20161217030021.0
=008  100810s2010||||xxu|||||s|||||000\|\eng\d
=040  \\ $a PGUSA $b eng
=042  \\ $a dc
=050  \4$aM
=245  10 $a Wit and Mirth ; $b or, Pills to Purge Melancholy, Vol. 6 of 6 $h [electronic resource]
=260  \\ $b Project Gutenberg, $c 2010
=506  \\ $a Public domain in the USA.
=516  \\ $a Text
=653  \\ $a Ballads, English
=653  \\ $a Songs, English
=830  \0 $a Project Gutenberg $v 33404
=856  40 $u http://www.gutenberg.org/ebooks/33404

