=LDR  00673nas  2200217uu 4500
=000  00568cam\a22001693a\4500
=001  33405
=003  PGUSA
=005  20161217030021.0
=008  100811s2010||||xxu|||||s|||||000\|\eng\d
=040  \\ $a PGUSA $b eng
=042  \\ $a dc
=050  \4$aQ
=100  1\ $a Gray, Elisha, $d 1835-1901
=245  10 $a Familiar Talks on Science : $b World-Building and Life; Earth, Air and Water. $h [electronic resource] / $c Elisha Gray
=260  \\ $b Project Gutenberg, $c 2010
=506  \\ $a Public domain in the USA.
=516  \\ $a Text
=653  \\ $a Science
=830  \0 $a Project Gutenberg $v 33405
=856  40 $u http://www.gutenberg.org/ebooks/33405

