=LDR  00692nas  2200217uu 4500
=000  00568cam\a22001693a\4500
=001  33406
=003  PGUSA
=005  20161217030021.0
=008  100811s2010||||xxu|||||s|||||000\|\spa\d
=040  \\ $a PGUSA $b spa
=042  \\ $a dc
=050  \4$aPQ
=245  10 $a Heath's Modern Language Series : $b Spanish Short Stories $h [electronic resource]
=260  \\ $b Project Gutenberg, $c 2010
=506  \\ $a Public domain in the USA.
=516  \\ $a Text
=653  \\ $a Spanish language -- Readers
=653  \\ $a Spanish language -- Textbooks for foreign speakers -- English
=830  \0 $a Project Gutenberg $v 33406
=856  40 $u http://www.gutenberg.org/ebooks/33406

