=LDR  00832nas  2200253uu 4500
=000  00568cam\a22001693a\4500
=001  33407
=003  PGUSA
=005  20161217030021.0
=008  100811s2010||||xxu|||||s|||||000\1\eng\d
=040  \\ $a PGUSA $b eng
=042  \\ $a dc
=050  \4$aPS
=100  1\ $a Beard, Adelia B. $q (Adelia Belle), $d 1857-1920
=245  10 $a Bee and Butterfly : $b A Tale of Two Cousins $h [electronic resource] / $c Adelia B. Beard
=260  \\ $b Project Gutenberg, $c 2010
=506  \\ $a Public domain in the USA.
=516  \\ $a Text
=653  \\ $a Fathers and daughters -- Fiction
=653  \\ $a Young women -- Conduct of life -- Fiction
=653  \\ $a Cousins -- Fiction
=653  \\ $a Entomologists -- Fiction
=830  \0 $a Project Gutenberg $v 33407
=856  40 $u http://www.gutenberg.org/ebooks/33407

