=LDR  00760nas  2200241uu 4500
=000  00568cam\a22001693a\4500
=001  33409
=003  PGUSA
=005  20161217030021.0
=008  100811s2010||||xxu|||||s|||||000\1\eng\d
=040  \\ $a PGUSA $b eng
=042  \\ $a dc
=050  \4$aPZ
=100  1\ $a Bodine, Hugh A., $d 1876-
=245  14 $a The Ranch Girls at Rainbow Lodge : $b $b The Ranch Girls Series $h [electronic resource] / $c Hugh A. Bodine
=260  \\ $b Project Gutenberg, $c 2010
=506  \\ $a Public domain in the USA.
=516  \\ $a Text
=653  \\ $a Young women -- Fiction
=653  \\ $a Western stories
=653  \\ $a Ranch life -- Juvenile fiction
=830  \0 $a Project Gutenberg $v 33409
=856  40 $u http://www.gutenberg.org/ebooks/33409

