=LDR  00678nas  2200229uu 4500
=000  00568cam\a22001693a\4500
=001  33410
=003  PGUSA
=005  20161217030021.0
=008  100811s2010||||xxu|||||s|||||000\|\eng\d
=040  \\ $a PGUSA $b eng
=042  \\ $a dc
=050  \4$aQL
=100  1\ $a Bailey, Florence Merriam, $d 1863-1948
=245  10 $a A-Birding on a Bronco $h [electronic resource] / $c Florence Merriam Bailey
=260  \\ $b Project Gutenberg, $c 2010
=506  \\ $a Public domain in the USA.
=516  \\ $a Text
=653  \\ $a Birds
=653  \\ $a Birds -- California
=830  \0 $a Project Gutenberg $v 33410
=856  40 $u http://www.gutenberg.org/ebooks/33410

