=LDR  00666nas  2200217uu 4500
=000  00568cam\a22001693a\4500
=001  33411
=003  PGUSA
=005  20161217030021.0
=008  100812s2010||||xxu|||||s|||||000\|\eng\d
=040  \\ $a PGUSA $b eng
=042  \\ $a dc
=050  \4$aB
=100  1\ $a Stace, W. T. $q (Walter Terence), $d 1886-1967
=245  12 $a A Critical History of Greek Philosophy $h [electronic resource] / $c W. T. Stace
=260  \\ $b Project Gutenberg, $c 2010
=506  \\ $a Public domain in the USA.
=516  \\ $a Text
=653  \\ $a Philosophy, Ancient
=830  \0 $a Project Gutenberg $v 33411
=856  40 $u http://www.gutenberg.org/ebooks/33411

