=LDR  00664nas  2200229uu 4500
=000  00568cam\a22001693a\4500
=001  33413
=003  PGUSA
=005  20161217030021.0
=008  100813s2010||||xxu|||||s|||||000\|\eng\d
=040  \\ $a PGUSA $b eng
=042  \\ $a dc
=050  \4$aZ
=100  1\ $a Rawlings, Gertrude Burford
=245  14 $a The Story of Books $h [electronic resource] / $c Gertrude Burford Rawlings
=260  \\ $b Project Gutenberg, $c 2010
=506  \\ $a Public domain in the USA.
=516  \\ $a Text
=653  \\ $a Books
=653  \\ $a Printing -- History
=830  \0 $a Project Gutenberg $v 33413
=856  40 $u http://www.gutenberg.org/ebooks/33413

