=LDR  00646nas  2200217uu 4500
=000  00568cam\a22001693a\4500
=001  33414
=003  PGUSA
=005  20161217030021.0
=008  100812s2010||||xxu|||||s|||||000\1\fre\d
=040  \\ $a PGUSA $b fre
=042  \\ $a dc
=050  \4$aPQ
=100  1\ $a Fournier, Edouard, $d 1819-1880
=245  13 $a Le roman bourgeois : $b Ouvrage comique $h [electronic resource] / $c Edouard Fournier
=260  \\ $b Project Gutenberg, $c 2010
=506  \\ $a Public domain in the USA.
=516  \\ $a Text
=653  \\ $a Fiction
=830  \0 $a Project Gutenberg $v 33414
=856  40 $u http://www.gutenberg.org/ebooks/33414

