=LDR  00728nas  2200229uu 4500
=000  00568cam\a22001693a\4500
=001  33415
=003  PGUSA
=005  20161217030021.0
=008  100813s2010||||xxu|||||s|||||000\|\eng\d
=040  \\ $a PGUSA $b eng
=042  \\ $a dc
=050  \4$aPT
=100  1\ $a Eliot, Samuel A. $q (Samuel Atkins), $d 1893-1984
=245  10 $a Pandora's Box : $b A Tragedy in Three Acts $h [electronic resource] / $c Samuel A. Eliot
=260  \\ $b Project Gutenberg, $c 2010
=506  \\ $a Public domain in the USA.
=516  \\ $a Text
=653  \\ $a German drama -- Translations into English
=653  \\ $a Tragedies
=830  \0 $a Project Gutenberg $v 33415
=856  40 $u http://www.gutenberg.org/ebooks/33415

