=LDR  00701nas  2200217uu 4500
=000  00568cam\a22001693a\4500
=001  33418
=003  PGUSA
=005  20161217030021.0
=008  100813s2010||||xxu|||||s|||||000\|\ger\d
=040  \\ $a PGUSA $b ger
=042  \\ $a dc
=050  \4$aHD
=100  1\ $a Stresemann, Gustav, $d 1878-1929
=245  14 $a Die Entwicklung des Berliner Flaschenbiergeschäfts $h [electronic resource] / $c Gustav Stresemann
=260  \\ $b Project Gutenberg, $c 2010
=506  \\ $a Public domain in the USA.
=516  \\ $a Text
=653  \\ $a Brewing industry -- Germany -- Berlin -- History
=830  \0 $a Project Gutenberg $v 33418
=856  40 $u http://www.gutenberg.org/ebooks/33418

