=LDR  00927nas  2200229uu 4500
=000  00568cam\a22001693a\4500
=001  33419
=003  PGUSA
=005  20161217030021.0
=008  100813s2010||||xxu|||||s|||||000\|\eng\d
=040  \\ $a PGUSA $b eng
=042  \\ $a dc
=050  \4$aE201
=100  1\ $a Riker, James, $d 1822-1889
=245  10 $a "Evacuation Day", 1783, Its Many Stirring Events : $b $b With Recollections of Capt. John Van Arsdale, of the Veteran Corps of Artillery, by Whose Efforts on That Day the Enemy Were Circumvented, and the American Flag Successfully Raised on the Battery $h [electronic resource] / $c James Riker
=260  \\ $b Project Gutenberg, $c 2010
=506  \\ $a Public domain in the USA.
=516  \\ $a Text
=653  \\ $a Van Arsdale, John, 1756-1836
=653  \\ $a Evacuation Day, New York, N.Y., 1783
=830  \0 $a Project Gutenberg $v 33419
=856  40 $u http://www.gutenberg.org/ebooks/33419

