=LDR  00692nas  2200217uu 4500
=000  00568cam\a22001693a\4500
=001  33420
=003  PGUSA
=005  20161217030021.0
=008  100813s2010||||xxu|||||s|||||000\|\eng\d
=040  \\ $a PGUSA $b eng
=042  \\ $a dc
=050  \4$aBS
=100  1\ $a Chadwick, G. A. $q (George Alexander), $d 1840-1923
=245  14 $a The Expositor's Bible : $b The Book of Exodus $h [electronic resource] / $c G. A. Chadwick
=260  \\ $b Project Gutenberg, $c 2010
=506  \\ $a Public domain in the USA.
=516  \\ $a Text
=653  \\ $a Bible. Exodus -- Commentaries
=830  \0 $a Project Gutenberg $v 33420
=856  40 $u http://www.gutenberg.org/ebooks/33420

