=LDR  00710nas  2200241uu 4500
=000  00568cam\a22001693a\4500
=001  33421
=003  PGUSA
=005  20161217030021.0
=008  100813s2010||||xxu|||||s|||||000\|\eng\d
=040  \\ $a PGUSA $b eng
=042  \\ $a dc
=050  \4$aQL
=100  1\ $a Garner, R. L. $q (Richard Lynch), $d 1848-1920
=245  14 $a The Speech of Monkeys $h [electronic resource] / $c R. L. Garner
=260  \\ $b Project Gutenberg, $c 2010
=506  \\ $a Public domain in the USA.
=516  \\ $a Text
=653  \\ $a Monkeys
=653  \\ $a Speech
=653  \\ $a Sound production by animals
=830  \0 $a Project Gutenberg $v 33421
=856  40 $u http://www.gutenberg.org/ebooks/33421

