=LDR  00672nas  2200217uu 4500
=000  00568cam\a22001693a\4500
=001  33422
=003  PGUSA
=005  20161217030021.0
=008  100813s2010||||xxu|||||s|||||000\|\fre\d
=040  \\ $a PGUSA $b fre
=042  \\ $a dc
=050  \4$aPQ
=100  1\ $a Sardou, Victorien, $d 1831-1908
=245  14 $a Les diables noirs : $b drame en quatre actes $h [electronic resource] / $c Victorien Sardou
=260  \\ $b Project Gutenberg, $c 2010
=506  \\ $a Public domain in the USA.
=516  \\ $a Text
=653  \\ $a French drama -- 19th century
=830  \0 $a Project Gutenberg $v 33422
=856  40 $u http://www.gutenberg.org/ebooks/33422

