=LDR  00631nas  2200217uu 4500
=000  00568cam\a22001693a\4500
=001  33424
=003  PGUSA
=005  20161217030021.0
=008  100813s2010||||xxu|||||s|||||000\|\eng\d
=040  \\ $a PGUSA $b eng
=042  \\ $a dc
=050  \4$aTS
=100  1\ $a Lincoln, Francis L.
=245  10 $a Instruction book on ring spinning $h [electronic resource] / $c Francis L. Lincoln
=260  \\ $b Project Gutenberg, $c 2010
=506  \\ $a Public domain in the USA.
=516  \\ $a Text
=653  \\ $a Spinning
=830  \0 $a Project Gutenberg $v 33424
=856  40 $u http://www.gutenberg.org/ebooks/33424

