=LDR  00753nas  2200241uu 4500
=000  00568cam\a22001693a\4500
=001  33425
=003  PGUSA
=005  20161217030021.0
=008  100813s2010||||xxu|||||s|||||000\1\eng\d
=040  \\ $a PGUSA $b eng
=042  \\ $a dc
=050  \4$aPZ
=100  1\ $a Relyea, C. M. $q (Charles M.), $d 1863-1932
=245  14 $a The Crimson Sweater $h [electronic resource] / $c C. M. Relyea
=260  \\ $b Project Gutenberg, $c 2010
=506  \\ $a Public domain in the USA.
=516  \\ $a Text
=653  \\ $a Boarding schools -- Juvenile fiction
=653  \\ $a Football -- Juvenile fiction
=653  \\ $a Boys -- Juvenile fiction
=830  \0 $a Project Gutenberg $v 33425
=856  40 $u http://www.gutenberg.org/ebooks/33425

