=LDR  00903nas  2200229uu 4500
=000  00568cam\a22001693a\4500
=001  33426
=003  PGUSA
=005  20161217030021.0
=008  100813s2010||||xxu|||||s|||||000\|\eng\d
=040  \\ $a PGUSA $b eng
=042  \\ $a dc
=050  \4$aDS
=100  1\ $a Forbes-Mitchell, William
=245  10 $a Reminiscences of the Great Mutiny 1857-59 : $b $b Including the relief, siege, and capture of Lucknow, and the campaigns in Rohilcund and Oude $h [electronic resource] / $c William Forbes-Mitchell
=260  \\ $b Project Gutenberg, $c 2010
=506  \\ $a Public domain in the USA.
=516  \\ $a Text
=653  \\ $a Lucknow (India) -- History -- Siege, 1857 -- Personal narratives
=653  \\ $a India -- History -- Sepoy Rebellion, 1857-1858 -- Personal narratives, English
=830  \0 $a Project Gutenberg $v 33426
=856  40 $u http://www.gutenberg.org/ebooks/33426

