=LDR  00798nas  2200217uu 4500
=000  00568cam\a22001693a\4500
=001  33428
=003  PGUSA
=005  20161217030021.0
=008  100814s2010||||xxu|||||s|||||000\|\eng\d
=040  \\ $a PGUSA $b eng
=042  \\ $a dc
=050  \4$aPR
=245  10 $a Stevensoniana : $b $b Being a Reprint of Various Literary and Pictorial Miscellany Associated with Robert Louis Stevenson, the Man and His Work $h [electronic resource] / $c Various
=260  \\ $b Project Gutenberg, $c 2010
=506  \\ $a Public domain in the USA.
=516  \\ $a Text
=653  \\ $a Stevenson, Robert Louis, 1850-1894 -- Miscellanea
=653  \\ $a Authors, Scottish -- 19th century -- Biography
=830  \0 $a Project Gutenberg $v 33428
=856  40 $u http://www.gutenberg.org/ebooks/33428

