=LDR  00713nas  2200229uu 4500
=000  00568cam\a22001693a\4500
=001  33429
=003  PGUSA
=005  20161217030021.0
=008  100814s2010||||xxu|||||s|||||000\|\eng\d
=040  \\ $a PGUSA $b eng
=042  \\ $a dc
=050  \4$aQC
=100  1\ $a Butler, T. B. $q (Thomas Belden), $d 1806-1873
=245  14 $a The Philosophy of the Weather. And a Guide to Its Changes $h [electronic resource] / $c T. B. Butler
=260  \\ $b Project Gutenberg, $c 2010
=506  \\ $a Public domain in the USA.
=516  \\ $a Text
=653  \\ $a Weather
=653  \\ $a Weather forecasting
=830  \0 $a Project Gutenberg $v 33429
=856  40 $u http://www.gutenberg.org/ebooks/33429

