=LDR  00634nas  2200217uu 4500
=000  00568cam\a22001693a\4500
=001  33430
=003  PGUSA
=005  20161217030021.0
=008  100814s2010||||xxu|||||s|||||000\|\eng\d
=040  \\ $a PGUSA $b eng
=042  \\ $a dc
=050  \4$aPR
=100  1\ $a Yeats, Jack Butler, $d 1871-1957
=245  10 $a Mosada : $b A dramatic poem $h [electronic resource] / $c Jack Butler Yeats
=260  \\ $b Project Gutenberg, $c 2010
=506  \\ $a Public domain in the USA.
=516  \\ $a Text
=653  \\ $a Drama
=830  \0 $a Project Gutenberg $v 33430
=856  40 $u http://www.gutenberg.org/ebooks/33430

