=LDR  00831nas  2200241uu 4500
=000  00568cam\a22001693a\4500
=001  33431
=003  PGUSA
=005  20161217030021.0
=008  100814s2010||||xxu|||||s|||||000\|\eng\d
=040  \\ $a PGUSA $b eng
=042  \\ $a dc
=050  \4$aHV
=100  1\ $a Brace, Charles Loring, $d 1826-1890
=245  14 $a The Dangerous Classes of New York, and Twenty Years' Work Among Them $h [electronic resource] / $c Charles Loring Brace
=260  \\ $b Project Gutenberg, $c 2010
=506  \\ $a Public domain in the USA.
=516  \\ $a Text
=653  \\ $a New York (N.Y.) -- Social conditions
=653  \\ $a Poor -- New York (State) -- New York
=653  \\ $a Child welfare -- New York (State) -- New York
=830  \0 $a Project Gutenberg $v 33431
=856  40 $u http://www.gutenberg.org/ebooks/33431

