=LDR  00977nas  2200265uu 4500
=000  00568cam\a22001693a\4500
=001  33432
=003  PGUSA
=005  20161217030021.0
=008  100814s2010||||xxu|||||s|||||000\1\eng\d
=040  \\ $a PGUSA $b eng
=042  \\ $a dc
=050  \4$aPS
=100  1\ $a Newell, Peter, $d 1862-1924
=245  10 $a Mr. Munchausen  : $b $b Being a True Account of Some of the Recent Adventures beyond the Styx of the Late Hieronymus Carl Friedrich, Sometime Baron Munchausen of Bodenwerder $h [electronic resource] / $c Peter Newell
=260  \\ $b Project Gutenberg, $c 2010
=506  \\ $a Public domain in the USA.
=516  \\ $a Text
=653  \\ $a Travelers -- Fiction
=653  \\ $a Truthfulness and falsehood -- Fiction
=653  \\ $a Adventure stories, American
=653  \\ $a Fantasy fiction, American
=653  \\ $a Humorous stories, American
=830  \0 $a Project Gutenberg $v 33432
=856  40 $u http://www.gutenberg.org/ebooks/33432

