=LDR  00776nas  2200241uu 4500
=000  00568cam\a22001693a\4500
=001  33433
=003  PGUSA
=005  20161217030021.0
=008  100814s2010||||xxu|||||s|||||000\1\eng\d
=040  \\ $a PGUSA $b eng
=042  \\ $a dc
=050  \4$aPS
=100  1\ $a Vide, V. V.
=245  10 $a Sketches of Aboriginal Life : $b $b American Tableaux, No. 1 $h [electronic resource] / $c V. V. Vide
=260  \\ $b Project Gutenberg, $c 2010
=506  \\ $a Public domain in the USA.
=516  \\ $a Text
=653  \\ $a Historical fiction
=653  \\ $a Mexico -- History -- Conquest, 1519-1540 -- Fiction
=653  \\ $a Indians of North America -- Fiction
=830  \0 $a Project Gutenberg $v 33433
=856  40 $u http://www.gutenberg.org/ebooks/33433

