=LDR  00796nas  2200229uu 4500
=000  00568cam\a22001693a\4500
=001  33434
=003  PGUSA
=005  20161217030021.0
=008  100814s2010||||xxu|||||s|||||000\|\eng\d
=040  \\ $a PGUSA $b eng
=042  \\ $a dc
=050  \4$aQL
=100  1\ $a Waring, George
=245  14 $a The Squirrels and other animals : $b $b Or, Illustrations of the habits and instincts of many of the smaller British quadrupeds $h [electronic resource] / $c George Waring
=260  \\ $b Project Gutenberg, $c 2010
=506  \\ $a Public domain in the USA.
=516  \\ $a Text
=653  \\ $a Squirrels -- Juvenile literature
=653  \\ $a Animal behavior -- Juvenile literature
=830  \0 $a Project Gutenberg $v 33434
=856  40 $u http://www.gutenberg.org/ebooks/33434

