=LDR  00761nas  2200217uu 4500
=000  00568cam\a22001693a\4500
=001  33435
=003  PGUSA
=005  20161217030021.0
=008  100815s2010||||xxu|||||s|||||000\|\eng\d
=040  \\ $a PGUSA $b eng
=042  \\ $a dc
=050  \4$aPT
=100  1\ $a Lessing, Gotthold Ephraim, $d 1729-1781
=245  14 $a The Dramatic Works of G. E. Lessing : $b $b Miss Sara Sampson, Philotas, Emilia Galotti, Nathan the Wise $h [electronic resource] / $c Gotthold Ephraim Lessing
=260  \\ $b Project Gutenberg, $c 2010
=506  \\ $a Public domain in the USA.
=516  \\ $a Text
=653  \\ $a German drama -- Translations into English
=830  \0 $a Project Gutenberg $v 33435
=856  40 $u http://www.gutenberg.org/ebooks/33435

