=LDR  00674nas  2200217uu 4500
=000  00568cam\a22001693a\4500
=001  33436
=003  PGUSA
=005  20161217030021.0
=008  100815s2010||||xxu|||||s|||||000\|\eng\d
=040  \\ $a PGUSA $b eng
=042  \\ $a dc
=050  \4$aBX
=245  14 $a The Irish Ecclesiastical Record, Volume 1, December 1864 $h [electronic resource]
=260  \\ $b Project Gutenberg, $c 2010
=506  \\ $a Public domain in the USA.
=516  \\ $a Text
=653  \\ $a Catholic Church -- Periodicals
=653  \\ $a Catholic Church -- Ireland -- Periodicals
=830  \0 $a Project Gutenberg $v 33436
=856  40 $u http://www.gutenberg.org/ebooks/33436

