=LDR  00759nas  2200229uu 4500
=000  00568cam\a22001693a\4500
=001  33437
=003  PGUSA
=005  20161217030021.0
=008  100815s2010||||xxu|||||s|||||000\|\eng\d
=040  \\ $a PGUSA $b eng
=042  \\ $a dc
=050  \4$aTK
=110  1\ $a American School of Correspondence
=245  10 $a Cyclopedia of Telephony and Telegraphy, Vol. 2 : $b $b A General Reference Work on Telephony, etc. etc. $h [electronic resource] / $c American School of Correspondence
=260  \\ $b Project Gutenberg, $c 2010
=506  \\ $a Public domain in the USA.
=516  \\ $a Text
=653  \\ $a Telegraph
=653  \\ $a Telephone
=830  \0 $a Project Gutenberg $v 33437
=856  40 $u http://www.gutenberg.org/ebooks/33437

