=LDR  00923nas  2200229uu 4500
=000  00568cam\a22001693a\4500
=001  33438
=003  PGUSA
=005  20161217030021.0
=008  100815s2010||||xxu|||||s|||||000\|\eng\d
=040  \\ $a PGUSA $b eng
=042  \\ $a dc
=050  \4$aD501
=100  1\ $a Freeman, Lewis R. $q (Lewis Ransome), $d 1878-1960
=245  10 $a Sea-Hounds $h [electronic resource] / $c Lewis R. Freeman
=260  \\ $b Project Gutenberg, $c 2010
=505  0\ $a The men who changed ships -- "Firebrand" -- "Back from the jaws" -- Hunting -- The convoy game -- Yank boat versus U-boat -- Adriatic patrol -- Patrol -- "Q" -- The Whack and the Smack -- Bombed! -- Against odds -- Rounding up Fritz.
=506  \\ $a Public domain in the USA.
=516  \\ $a Text
=653  \\ $a World War, 1914-1918 -- Naval operations
=830  \0 $a Project Gutenberg $v 33438
=856  40 $u http://www.gutenberg.org/ebooks/33438

