=LDR  00659nas  2200217uu 4500
=000  00568cam\a22001693a\4500
=001  33439
=003  PGUSA
=005  20161217030021.0
=008  100815s2010||||xxu|||||s|||||000\|\eng\d
=040  \\ $a PGUSA $b eng
=042  \\ $a dc
=050  \4$aDA
=100  1\ $a Joyce, P. W. $q (Patrick Weston), $d 1827-1914
=245  12 $a A Reading Book in Irish History $h [electronic resource] / $c P. W. Joyce
=260  \\ $b Project Gutenberg, $c 2010
=506  \\ $a Public domain in the USA.
=516  \\ $a Text
=653  \\ $a Ireland -- History
=830  \0 $a Project Gutenberg $v 33439
=856  40 $u http://www.gutenberg.org/ebooks/33439

