=LDR  00752nas  2200241uu 4500
=000  00568cam\a22001693a\4500
=001  33441
=003  PGUSA
=005  20161217030021.0
=008  100815s2010||||xxu|||||s|||||000\p\eng\d
=040  \\ $a PGUSA $b eng
=042  \\ $a dc
=050  \4$aPR
=100  1\ $a Bramston, James, $d 1693-1744
=245  14 $a The Man of Taste $h [electronic resource] / $c James Bramston
=260  \\ $b Project Gutenberg, $c 2010
=506  \\ $a Public domain in the USA.
=516  \\ $a Text
=653  \\ $a Verse satire, English
=653  \\ $a Aesthetics, British -- 18th century -- Poetry
=653  \\ $a Pope, Alexander, 1688-1744 -- Poetry
=830  \0 $a Project Gutenberg $v 33441
=856  40 $u http://www.gutenberg.org/ebooks/33441

