=LDR  00900nas  2200277uu 4500
=000  00568cam\a22001693a\4500
=001  33442
=003  PGUSA
=005  20161217030021.0
=008  100815s2010||||xxu|||||s|||||000\|\gre\d
=040  \\ $a PGUSA $b gre
=042  \\ $a dc
=050  \4$aPQ
=100  1\ $a Polemes, Ioannes, $d 1862-1924
=240  10 $a Le Bourgeois Gentilhomme. $l Greek
=245  10 $a Ο Αρχοντοχωριάτης $h [electronic resource] / $c Ioannes Polemes
=260  \\ $b Project Gutenberg, $c 2010
=506  \\ $a Public domain in the USA.
=516  \\ $a Text
=653  \\ $a Middle class -- France -- Drama
=653  \\ $a Comedies
=653  \\ $a France -- Social life and customs -- 17th century -- Drama
=653  \\ $a French drama
=740  0\ $a Le Bourgeois Gentilhomme. Greek
=830  \0 $a Project Gutenberg $v 33442
=856  40 $u http://www.gutenberg.org/ebooks/33442

