=LDR  00785nas  2200217uu 4500
=000  00568cam\a22001693a\4500
=001  33443
=003  PGUSA
=005  20161217030021.0
=008  100815s2010||||xxu|||||s|||||000\|\eng\d
=040  \\ $a PGUSA $b eng
=042  \\ $a dc
=050  \4$aQK
=100  1\ $a Muir, John, $d 1838-1914
=245  10 $a Cruise of the Revenue-Steamer Corwin in Alaska and the N.W. Arctic Ocean in 1881 : $b Botanical Notes : $b Notes and Memoranda: Medical and Anthropological; Botanical; Ornithological. $h [electronic resource] / $c John Muir
=260  \\ $b Project Gutenberg, $c 2010
=506  \\ $a Public domain in the USA.
=516  \\ $a Text
=653  \\ $a Plants -- Alaska
=830  \0 $a Project Gutenberg $v 33443
=856  40 $u http://www.gutenberg.org/ebooks/33443

