=LDR  00750nas  2200229uu 4500
=000  00568cam\a22001693a\4500
=001  33444
=003  PGUSA
=005  20161217030021.0
=008  100816s2010||||xxu|||||s|||||000\1\eng\d
=040  \\ $a PGUSA $b eng
=042  \\ $a dc
=050  \4$aPG
=100  1\ $a Kuprin, A. I. $q (Aleksandr Ivanovich), $d 1870-1938
=245  10 $a Sulamith : $b A Romance of Antiquity $h [electronic resource] / $c A. I. Kuprin
=260  \\ $b Project Gutenberg, $c 2010
=506  \\ $a Public domain in the USA.
=516  \\ $a Text
=653  \\ $a Russian fiction -- Translations into English
=653  \\ $a Solomon, King of Israel -- Fiction
=830  \0 $a Project Gutenberg $v 33444
=856  40 $u http://www.gutenberg.org/ebooks/33444

