=LDR  00690nas  2200229uu 4500
=000  00568cam\a22001693a\4500
=001  33445
=003  PGUSA
=005  20161217030021.0
=008  100816s2010||||xxu|||||s|||||000\|\eng\d
=040  \\ $a PGUSA $b eng
=042  \\ $a dc
=050  \4$aV
=100  1\ $a Thursfield, James R. $q (James Richard), $d 1840-1923
=245  10 $a Naval Warfare $h [electronic resource] / $c James R. Thursfield
=260  \\ $b Project Gutenberg, $c 2010
=506  \\ $a Public domain in the USA.
=516  \\ $a Text
=653  \\ $a Naval history
=653  \\ $a Naval art and science
=830  \0 $a Project Gutenberg $v 33445
=856  40 $u http://www.gutenberg.org/ebooks/33445

