=LDR  00654nas  2200217uu 4500
=000  00568cam\a22001693a\4500
=001  33446
=003  PGUSA
=005  20161217030021.0
=008  100816s2010||||xxu|||||s|||||000\|\eng\d
=040  \\ $a PGUSA $b eng
=042  \\ $a dc
=050  \4$aTT
=100  1\ $a Leigh, Sarah Ann, $d 1869-
=245  10 $a Lace Curtain Cleaning : $b A Successful Home Business $h [electronic resource] / $c Sarah Ann Leigh
=260  \\ $b Project Gutenberg, $c 2010
=506  \\ $a Public domain in the USA.
=516  \\ $a Text
=653  \\ $a Laundry
=830  \0 $a Project Gutenberg $v 33446
=856  40 $u http://www.gutenberg.org/ebooks/33446

