=LDR  00670nas  2200217uu 4500
=000  00568cam\a22001693a\4500
=001  33447
=003  PGUSA
=005  20161217030021.0
=008  100816s2010||||xxu|||||s|||||000\|\eng\d
=040  \\ $a PGUSA $b eng
=042  \\ $a dc
=050  \4$aTR
=100  1\ $a Talbot, William Henry Fox, $d 1800-1877
=245  14 $a The Pencil of Nature $h [electronic resource] / $c William Henry Fox Talbot
=260  \\ $b Project Gutenberg, $c 2010
=506  \\ $a Public domain in the USA.
=516  \\ $a Text
=653  \\ $a Photography -- Early works to 1850
=830  \0 $a Project Gutenberg $v 33447
=856  40 $u http://www.gutenberg.org/ebooks/33447

