=LDR  00726nas  2200217uu 4500
=000  00568cam\a22001693a\4500
=001  33448
=003  PGUSA
=005  20161217030021.0
=008  100816s2010||||xxu|||||s|||||000\|\eng\d
=040  \\ $a PGUSA $b eng
=042  \\ $a dc
=050  \4$aBX
=100  1\ $a Costelloe, Laurence
=245  10 $a Saint Bonaventure : $b The Seraphic Doctor Minister-General of the Franciscan Order $h [electronic resource] / $c Laurence Costelloe
=260  \\ $b Project Gutenberg, $c 2010
=506  \\ $a Public domain in the USA.
=516  \\ $a Text
=653  \\ $a Bonaventure, Saint, Cardinal, approximately 1217-1274
=830  \0 $a Project Gutenberg $v 33448
=856  40 $u http://www.gutenberg.org/ebooks/33448

