=LDR  00867nas  2200241uu 4500
=000  00568cam\a22001693a\4500
=001  33449
=003  PGUSA
=005  20161217030021.0
=008  100816s2010||||xxu|||||s|||||000\|\eng\d
=040  \\ $a PGUSA $b eng
=042  \\ $a dc
=050  \4$aE201
=100  1\ $a Mauduit, Israel, $d 1708-1787
=245  10 $a Conduct of Sir William Howe $h [electronic resource] / $c Israel Mauduit
=260  \\ $b Project Gutenberg, $c 2010
=506  \\ $a Public domain in the USA.
=516  \\ $a Text
=653  \\ $a Howe, William Howe, Viscount, 1729-1814
=653  \\ $a White Plains, Battle of, White Plains, N.Y., 1776
=740  0\ $a Observations upon the Conduct of S-r W-----m H--e at the White Plains As Related in The Gazette of December 30, 1776
=830  \0 $a Project Gutenberg $v 33449
=856  40 $u http://www.gutenberg.org/ebooks/33449

