=LDR  00794nas  2200229uu 4500
=000  00568cam\a22001693a\4500
=001  33450
=003  PGUSA
=005  20161217030021.0
=008  100816s2010||||xxu|||||s|||||000\|\eng\d
=040  \\ $a PGUSA $b eng
=042  \\ $a dc
=050  \4$aF590.3
=100  1\ $a Smith, Charles W., $d 1890-1966
=245  10 $a Journal of a Trip to California : $b $b Across the Continent from Weston, Mo., to Weber Creek, Cal., in the Summer of 1850 $h [electronic resource] / $c Charles W. Smith
=260  \\ $b Project Gutenberg, $c 2010
=506  \\ $a Public domain in the USA.
=516  \\ $a Text
=653  \\ $a Overland journeys to the Pacific
=653  \\ $a Smith, Charles W.
=830  \0 $a Project Gutenberg $v 33450
=856  40 $u http://www.gutenberg.org/ebooks/33450

