=LDR  00711nas  2200229uu 4500
=000  00568cam\a22001693a\4500
=001  33452
=003  PGUSA
=005  20161217030021.0
=008  100817s2010||||xxu|||||s|||||000\|\eng\d
=040  \\ $a PGUSA $b eng
=042  \\ $a dc
=050  \4$aAP
=245  10 $a Harper's New Monthly Magazine, No. V, October, 1850, Volume I. $h [electronic resource]
=260  \\ $b Project Gutenberg, $c 2010
=506  \\ $a Public domain in the USA.
=516  \\ $a Text
=653  \\ $a Civilization -- Periodicals
=653  \\ $a American literature -- Periodicals
=653  \\ $a Culture -- Periodicals
=830  \0 $a Project Gutenberg $v 33452
=856  40 $u http://www.gutenberg.org/ebooks/33452

