=LDR  00638nas  2200217uu 4500
=000  00568cam\a22001693a\4500
=001  33454
=003  PGUSA
=005  20161217030021.0
=008  100817s2010||||xxu|||||s|||||000\1\fre\d
=040  \\ $a PGUSA $b fre
=042  \\ $a dc
=050  \4$aPQ
=100  1\ $a Sue, Eugène, $d 1804-1857
=245  10 $a Mathilde : $b mémoires d'une jeune femme $h [electronic resource] / $c Eugène Sue
=260  \\ $b Project Gutenberg, $c 2010
=506  \\ $a Public domain in the USA.
=516  \\ $a Text
=653  \\ $a Fiction
=830  \0 $a Project Gutenberg $v 33454
=856  40 $u http://www.gutenberg.org/ebooks/33454

