=LDR  00783nas  2200253uu 4500
=000  00568cam\a22001693a\4500
=001  33455
=003  PGUSA
=005  20161217030021.0
=008  100817s2010||||xxu|||||s|||||000\|\eng\d
=040  \\ $a PGUSA $b eng
=042  \\ $a dc
=050  \4$aF1751
=100  1\ $a Dana, Richard Henry, $d 1815-1882
=245  10 $a To Cuba and Back $h [electronic resource] / $c Richard Henry Dana
=260  \\ $b Project Gutenberg, $c 2010
=506  \\ $a Public domain in the USA.
=516  \\ $a Text
=653  \\ $a Dana, Richard Henry, 1815-1882 -- Travel
=653  \\ $a Seafaring life
=653  \\ $a Cuba -- Description and travel
=653  \\ $a Voyages and travels
=830  \0 $a Project Gutenberg $v 33455
=856  40 $u http://www.gutenberg.org/ebooks/33455

