=LDR  01176nas  2200229uu 4500
=000  00568cam\a22001693a\4500
=001  33456
=003  PGUSA
=005  20161217030021.0
=008  100817s2010||||xxu|||||s|||||000\p\eng\d
=040  \\ $a PGUSA $b eng
=042  \\ $a dc
=050  \4$aPR
=100  1\ $a Parkerson, James
=245  13 $a An Address to a Wealthy Libertine : $b $b or, the Melancholy Effects of Seduction; with a Letter from an Unfortunate Farmer's Daughter, to her Parents in Norfolk $h [electronic resource] / $c James Parkerson
=260  \\ $b Project Gutenberg, $c 2010
=505  0\ $a An address to a wealthy libertine; or, the melancholy effects of seduction -- A letter from Miss Maria C***, to her parents at -- To the memory of Mr. Page, late of Pulham Market -- Political surgeon -- Cheerful Isaac -- To the memory of Mr. Self, late of Pulham Market Hall -- The valiant captain -- Old Jack: a song -- On the death of Ben Gee -- Elegy on the deaths of Mr. Beale and his daughter.
=506  \\ $a Public domain in the USA.
=516  \\ $a Text
=653  \\ $a English poetry
=830  \0 $a Project Gutenberg $v 33456
=856  40 $u http://www.gutenberg.org/ebooks/33456

