=LDR  00792nas  2200229uu 4500
=000  00568cam\a22001693a\4500
=001  33457
=003  PGUSA
=005  20161217030021.0
=008  100817s2010||||xxu|||||s|||||000\p\eng\d
=040  \\ $a PGUSA $b eng
=042  \\ $a dc
=050  \4$aPR
=100  1\ $a Parkerson, James
=245  13 $a An Elogy to the Memory of the late Wm. Palgrave, Esq., with Other Pieces $h [electronic resource] / $c James Parkerson
=260  \\ $b Project Gutenberg, $c 2010
=506  \\ $a Public domain in the USA.
=516  \\ $a Text
=653  \\ $a Palgrave, William, 1745-1822 -- Poetry
=740  0\ $a An Elegy to the Memory of the late William Palgrave, Esquire, with Other Pieces
=830  \0 $a Project Gutenberg $v 33457
=856  40 $u http://www.gutenberg.org/ebooks/33457

