=LDR  00684nas  2200229uu 4500
=000  00568cam\a22001693a\4500
=001  33458
=003  PGUSA
=005  20161217030021.0
=008  100818s2010||||xxu|||||s|||||000\1\eng\d
=040  \\ $a PGUSA $b eng
=042  \\ $a dc
=050  \4$aPS
=100  1\ $a Garland, Hamlin, $d 1860-1940
=245  14 $a The Captain of the Gray-Horse Troop $h [electronic resource] / $c Hamlin Garland
=260  \\ $b Project Gutenberg, $c 2010
=506  \\ $a Public domain in the USA.
=516  \\ $a Text
=653  \\ $a Western stories
=653  \\ $a Colorado -- Fiction
=830  \0 $a Project Gutenberg $v 33458
=856  40 $u http://www.gutenberg.org/ebooks/33458

