=LDR  00684nas  2200217uu 4500
=000  00568cam\a22001693a\4500
=001  33462
=003  PGUSA
=005  20161217030021.0
=008  100818s2010||||xxu|||||s|||||000\|\fre\d
=040  \\ $a PGUSA $b fre
=042  \\ $a dc
=050  \4$aZ
=100  1\ $a Lebert, Marie
=245  10 $a Booknologie : $b Le livre numérique (1971-2010) $h [electronic resource] / $c Marie Lebert
=260  \\ $b Project Gutenberg, $c 2010
=506  \\ $a Copyrighted. Read the copyright notice inside this book for details.
=516  \\ $a Text
=653  \\ $a Electronic books
=830  \0 $a Project Gutenberg $v 33462
=856  40 $u http://www.gutenberg.org/ebooks/33462

