=LDR  00745nas  2200241uu 4500
=000  00568cam\a22001693a\4500
=001  33463
=003  PGUSA
=005  20161217030021.0
=008  100818s2010||||xxu|||||s|||||000\p\fre\d
=040  \\ $a PGUSA $b fre
=042  \\ $a dc
=050  \4$aPQ
=100  1\ $a La Bédollière, Emile de, $d 1812-1883
=245  13 $a Le chat de la mère Michel : $b Complainte $h [electronic resource] / $c Emile de La Bédollière
=260  \\ $b Project Gutenberg, $c 2010
=506  \\ $a Public domain in the USA.
=516  \\ $a Text
=653  \\ $a Pets -- Poetry
=653  \\ $a Cats -- Poetry
=653  \\ $a Older women -- Poetry
=830  \0 $a Project Gutenberg $v 33463
=856  40 $u http://www.gutenberg.org/ebooks/33463

