=LDR  00639nas  2200217uu 4500
=000  00568cam\a22001693a\4500
=001  33464
=003  PGUSA
=005  20161217030021.0
=008  100818s2010||||xxu|||||s|||||000\|\eng\d
=040  \\ $a PGUSA $b eng
=042  \\ $a dc
=050  \4$aSB
=100  1\ $a Kingsley, Rose Georgina, $d 1845-1925
=245  10 $a Roses and Rose Growing $h [electronic resource] / $c Rose Georgina Kingsley
=260  \\ $b Project Gutenberg, $c 2010
=506  \\ $a Public domain in the USA.
=516  \\ $a Text
=653  \\ $a Roses
=830  \0 $a Project Gutenberg $v 33464
=856  40 $u http://www.gutenberg.org/ebooks/33464

