=LDR  01065nas  2200313uu 4500
=000  00568cam\a22001693a\4500
=001  33465
=003  PGUSA
=005  20161217030021.0
=008  100819s2010||||xxu|||||s|||||000\1\eng\d
=040  \\ $a PGUSA $b eng
=042  \\ $a dc
=050  \4$aPZ
=100  1\ $a Marshall, Emma, $d 1830-1899
=245  10 $a Little Miss Joy $h [electronic resource] / $c Emma Marshall
=260  \\ $b Project Gutenberg, $c 2010
=506  \\ $a Public domain in the USA.
=516  \\ $a Text
=653  \\ $a Conduct of life -- Juvenile fiction
=653  \\ $a Adventure and adventurers -- Juvenile fiction
=653  \\ $a Aunts -- Juvenile fiction
=653  \\ $a Children -- Conduct of life -- Juvenile fiction
=653  \\ $a Ship captains -- Juvenile fiction
=653  \\ $a Honesty -- Juvenile fiction
=653  \\ $a Voyages and travels -- Juvenile fiction
=653  \\ $a Sailing -- Juvenile fiction
=653  \\ $a Uncles -- Juvenile fiction
=830  \0 $a Project Gutenberg $v 33465
=856  40 $u http://www.gutenberg.org/ebooks/33465

