=LDR  00731nas  2200241uu 4500
=000  00568cam\a22001693a\4500
=001  33466
=003  PGUSA
=005  20161217030021.0
=008  100819s2010||||xxu|||||s|||||000\1\eng\d
=040  \\ $a PGUSA $b eng
=042  \\ $a dc
=050  \4$aPS
=100  1\ $a Foster, Will, $d 1880-1936
=245  14 $a The Social Gangster $h [electronic resource] / $c Will Foster
=260  \\ $b Project Gutenberg, $c 2010
=506  \\ $a Public domain in the USA.
=516  \\ $a Text
=653  \\ $a New York (N.Y.) -- Fiction
=653  \\ $a Chemistry teachers -- Fiction
=653  \\ $a Detective and mystery stories
=830  \0 $a Project Gutenberg $v 33466
=856  40 $u http://www.gutenberg.org/ebooks/33466

