=LDR  00947nas  2200253uu 4500
=000  00568cam\a22001693a\4500
=001  33467
=003  PGUSA
=005  20161217030021.0
=008  100819s2010||||xxu|||||s|||||000\|\eng\d
=040  \\ $a PGUSA $b eng
=042  \\ $a dc
=050  \4$aG
=100  1\ $a Richardson, John, $c Sir, $d 1787-1865
=245  10 $a Narrative of a Second Expedition to the Shores of the Polar Sea, in the Years 1825, 1826, and 1827 $h [electronic resource] / $c John, Richardson
=260  \\ $b Project Gutenberg, $c 2010
=506  \\ $a Public domain in the USA.
=516  \\ $a Text
=653  \\ $a Arctic regions -- Discovery and exploration -- British
=653  \\ $a Northwest, Canadian -- Discovery and exploration -- British
=653  \\ $a Scientific expeditions -- Arctic regions
=653  \\ $a Natural history -- Arctic regions
=830  \0 $a Project Gutenberg $v 33467
=856  40 $u http://www.gutenberg.org/ebooks/33467

