=LDR  00935nas  2200241uu 4500
=000  00568cam\a22001693a\4500
=001  33470
=003  PGUSA
=005  20161217030021.0
=008  101123s2010||||xxu|||||s|||||000\1\eng\d
=040  \\ $a PGUSA $b eng
=042  \\ $a dc
=050  \4$aPS
=100  1\ $a Roberts, Charles G. D., $c Sir, $d 1860-1943
=245  14 $a The Forge in the Forest : $b $b Being the Narrative of the Acadian Ranger, Jean de Mer, Seigneur de Briart; and How He Crossed the Black Abbé; and of His Adventures in a Strange Fellowship $h [electronic resource] / $c Charles G. D., Roberts
=260  \\ $b Project Gutenberg, $c 2010
=506  \\ $a Public domain in the USA.
=516  \\ $a Text
=653  \\ $a Acadians -- Fiction
=653  \\ $a Canada -- History -- To 1763 (New France) -- Fiction
=653  \\ $a Historical fiction
=830  \0 $a Project Gutenberg $v 33470
=856  40 $u http://www.gutenberg.org/ebooks/33470

