=LDR  01317nas  2200253uu 4500
=000  00568cam\a22001693a\4500
=001  33471
=003  PGUSA
=005  20161217030021.0
=008  100820s2010||||xxu|||||s|||||000\|\eng\d
=040  \\ $a PGUSA $b eng
=042  \\ $a dc
=050  \4$aPT
=100  1\ $a Chadwick, Nora K. $q (Nora Kershaw), $d 1891-1972
=245  10 $a Stories and Ballads of the Far Past : $b $b Translated from the Norse (Icelandic and Faroese) with Introductions and Notes $h [electronic resource] / $c Nora K. Chadwick
=260  \\ $b Project Gutenberg, $c 2010
=505  0\ $a Sagas: The Tháttr of Nornagest. The Tháttr of Sörli. The Saga of Hromund Greipsson. The Saga of Hervör and Heithrek. Appendix to Part I (The Combat at Samsø. and Hjalmar's Death Song) -- Ballads: Gríplur I. The Faroese Ballad of Nornagest. The Faroese Ballad of Hjalmar and Angantyr. The Danish Ballad of Angelfyr and Helmer. The Faroese Ballad of Arngrim's Sons. The Faroese Riddle Ballad (Gátu Ríma). The Shetland Ballad of Hildina.
=506  \\ $a Public domain in the USA.
=516  \\ $a Text
=653  \\ $a Sagas
=653  \\ $a Folk songs, Scandinavian
=653  \\ $a Old Norse literature -- Translations into English
=830  \0 $a Project Gutenberg $v 33471
=856  40 $u http://www.gutenberg.org/ebooks/33471

