=LDR  01920nas  2200217uu 4500
=000  00568cam\a22001693a\4500
=001  33472
=003  PGUSA
=005  20161217030021.0
=008  100820s2010||||xxu|||||s|||||000\|\eng\d
=040  \\ $a PGUSA $b eng
=042  \\ $a dc
=050  \4$aG
=245  10 $a With the World's Great Travellers, Volume 2 $h [electronic resource]
=260  \\ $b Project Gutenberg, $c 2010
=505  0\ $a New York, Washington, Chicago / Oliver H. G. Leigh -- Winnipeg Lake and River / W. F. Butler -- A Fine Scenic Route / Henry T. Finck -- South Pass and Fremont's Park / John C. Fremont -- In the Yellowstone Park / Ferdinand V. Hayden -- The Country of the Cliff-Dwellers / Alfred Terry Bacon -- Lake Tahoe and the Big Trees / A. H. Tevis -- The Chinese Quarter in San Francisco / Helen Hunt Jackson -- Mariposa Grove and Yosemite Valley / Charles Loring Brace -- A Sportsman's Experience in Mexico / Sir Rose Lambert Price -- The Scenery of the Mexican Lowlands / Felix L. Oswald -- Among the Ruins of Yucatan / John L. Stephens -- The Route of the Nicaragua Canal / Julius Froebel -- The Destruction of San Salvador / Carl Scherzer -- Scenes in Trinidad and Jamaica / James Anthony Froude -- The High Woods of Trinidad / Charles Kingsley -- Animals of British Guiana / C. Barrington Brown -- Life and Scenery in Venezuela / Alexander von Humboldt -- The Llaneros of Venezuela / Ramon Paez -- The Forests of the Amazon and Madeira Rivers / Franz Keller -- Canoe- and Camp-Life on the Madeira -- Besieged by Peccaries / James W. Wells -- The Perils of Travel / Ida Pfeiffer -- Brazilian Ants and Monkeys / Henry W. Bates -- The Monarchs of the Andes / James Orton -- Inca High-Roads and Bridges / E. George Squier.
=506  \\ $a Public domain in the USA.
=516  \\ $a Text
=653  \\ $a Voyages and travels
=830  \0 $a Project Gutenberg $v 33472
=856  40 $u http://www.gutenberg.org/ebooks/33472

