=LDR  00989nas  2200265uu 4500
=000  00568cam\a22001693a\4500
=001  33473
=003  PGUSA
=005  20161217030021.0
=008  100820s2010||||xxu|||||s|||||000\|\eng\d
=040  \\ $a PGUSA $b eng
=042  \\ $a dc
=050  \4$aDC
=100  1\ $a Holdsworth, J. H.
=245  10 $a Memoranda on Tours and Touraine : $b $b Including remarks on the climate with a sketch of the Botany And Geology of the Province also on the Wines and Mineral Waters of France $h [electronic resource] / $c J. H. Holdsworth
=260  \\ $b Project Gutenberg, $c 2010
=506  \\ $a Public domain in the USA.
=516  \\ $a Text
=653  \\ $a Touraine (France) -- Guidebooks
=653  \\ $a Tours (France) -- Guidebooks
=653  \\ $a Health resorts -- France
=653  \\ $a Hydrotherapy -- France
=740  0\ $a Memoranda on Tours, Touraine and Central France
=830  \0 $a Project Gutenberg $v 33473
=856  40 $u http://www.gutenberg.org/ebooks/33473

