=LDR  00774nas  2200253uu 4500
=000  00568cam\a22001693a\4500
=001  33474
=003  PGUSA
=005  20161217030021.0
=008  100820s2010||||xxu|||||s|||||000\1\spa\d
=040  \\ $a PGUSA $b spa
=042  \\ $a dc
=050  \4$aPQ
=100  1\ $a Blasco Ibáñez, Vicente, $d 1867-1928
=245  10 $a La horda $h [electronic resource] / $c Vicente Blasco Ibáñez
=260  \\ $b Project Gutenberg, $c 2010
=506  \\ $a Public domain in the USA.
=516  \\ $a Text
=653  \\ $a Man-woman relationships -- Fiction
=653  \\ $a Madrid (Spain) -- Fiction
=653  \\ $a Authors -- Fiction
=653  \\ $a Poverty -- Fiction
=830  \0 $a Project Gutenberg $v 33474
=856  40 $u http://www.gutenberg.org/ebooks/33474

