=LDR  00744nas  2200241uu 4500
=000  00568cam\a22001693a\4500
=001  33475
=003  PGUSA
=005  20161217030021.0
=008  100820s2010||||xxu|||||s|||||000\1\eng\d
=040  \\ $a PGUSA $b eng
=042  \\ $a dc
=050  \4$aPS
=100  1\ $a Bracker, M. Leone, $d 1885-1937
=245  14 $a The Broken Gate : $b A Novel $h [electronic resource] / $c M. Leone Bracker
=260  \\ $b Project Gutenberg, $c 2010
=506  \\ $a Public domain in the USA.
=516  \\ $a Text
=653  \\ $a Villages -- Fiction
=653  \\ $a Mothers and sons -- Fiction
=653  \\ $a Illegitimate children -- Fiction
=830  \0 $a Project Gutenberg $v 33475
=856  40 $u http://www.gutenberg.org/ebooks/33475

