=LDR  00742nas  2200241uu 4500
=000  00568cam\a22001693a\4500
=001  33476
=003  PGUSA
=005  20161217030021.0
=008  100821s2010||||xxu|||||s|||||000\1\eng\d
=040  \\ $a PGUSA $b eng
=042  \\ $a dc
=050  \4$aPZ
=100  1\ $a Furman, E. A., $d 1872-1955
=245  14 $a The Auto Boys' Vacation $h [electronic resource] / $c E. A. Furman
=260  \\ $b Project Gutenberg, $c 2010
=506  \\ $a Public domain in the USA.
=516  \\ $a Text
=653  \\ $a Young men -- Juvenile fiction
=653  \\ $a Automobiles -- Juvenile fiction
=653  \\ $a Vacations -- Juvenile fiction
=830  \0 $a Project Gutenberg $v 33476
=856  40 $u http://www.gutenberg.org/ebooks/33476

