=LDR  00727nas  2200217uu 4500
=000  00568cam\a22001693a\4500
=001  33478
=003  PGUSA
=005  20161217030021.0
=008  100821s2010||||xxu|||||s|||||000\1\eng\d
=040  \\ $a PGUSA $b eng
=042  \\ $a dc
=050  \4$aPS
=100  1\ $a Kennedy, John Pendleton, $d 1795-1870
=245  10 $a Horse-Shoe Robinson : $b A Tale of the Tory Ascendency $h [electronic resource] / $c John Pendleton Kennedy
=260  \\ $b Project Gutenberg, $c 2010
=506  \\ $a Public domain in the USA.
=516  \\ $a Text
=653  \\ $a South Carolina -- History -- Revolution, 1775-1783 -- Fiction
=830  \0 $a Project Gutenberg $v 33478
=856  40 $u http://www.gutenberg.org/ebooks/33478

