=LDR  00650nas  2200217uu 4500
=000  00568cam\a22001693a\4500
=001  33479
=003  PGUSA
=005  20161217030021.0
=008  100821s2010||||xxu|||||s|||||000\|\eng\d
=040  \\ $a PGUSA $b eng
=042  \\ $a dc
=050  \4$aHV
=100  1\ $a La Motte, Ellen N. $q (Ellen Newbold), $d 1873-1961
=245  14 $a The Opium Monopoly $h [electronic resource] / $c Ellen N. La Motte
=260  \\ $b Project Gutenberg, $c 2010
=506  \\ $a Public domain in the USA.
=516  \\ $a Text
=653  \\ $a Opium trade
=830  \0 $a Project Gutenberg $v 33479
=856  40 $u http://www.gutenberg.org/ebooks/33479

