=LDR  00651nas  2200217uu 4500
=000  00568cam\a22001693a\4500
=001  33480
=003  PGUSA
=005  20161217030021.0
=008  100821s2010||||xxu|||||s|||||000\1\eng\d
=040  \\ $a PGUSA $b eng
=042  \\ $a dc
=050  \4$aPZ
=100  1\ $a Fiske, James, $d 1885-1933
=245  10 $a Under Fire For Servia $h [electronic resource] / $c James Fiske
=260  \\ $b Project Gutenberg, $c 2010
=506  \\ $a Public domain in the USA.
=516  \\ $a Text
=653  \\ $a World War, 1914-1918 -- Juvenile fiction
=830  \0 $a Project Gutenberg $v 33480
=856  40 $u http://www.gutenberg.org/ebooks/33480

