=LDR  00791nas  2200241uu 4500
=000  00568cam\a22001693a\4500
=001  33481
=003  PGUSA
=005  20161217030021.0
=008  100821s2010||||xxu|||||s|||||000\1\eng\d
=040  \\ $a PGUSA $b eng
=042  \\ $a dc
=050  \4$aPS
=050  \4$aPZ
=100  1\ $a Altsheler, Joseph A. $q (Joseph Alexander), $d 1862-1919
=245  14 $a The Guns of Europe $h [electronic resource] / $c Joseph A. Altsheler
=260  \\ $b Project Gutenberg, $c 2010
=500  \\ $a Followed by The Forest of Swords (#15760) and The Hosts of the Air (#15285).
=506  \\ $a Public domain in the USA.
=516  \\ $a Text
=653  \\ $a World War, 1914-1918 -- Fiction
=830  \0 $a Project Gutenberg $v 33481
=856  40 $u http://www.gutenberg.org/ebooks/33481

