=LDR  00958nas  2200253uu 4500
=000  00568cam\a22001693a\4500
=001  33484
=003  PGUSA
=005  20161217030021.0
=008  100822s2010||||xxu|||||s|||||000\1\eng\d
=040  \\ $a PGUSA $b eng
=042  \\ $a dc
=050  \4$aPS
=100  1\ $a Withrow, W. H. $q (William Henry), $d 1839-1908
=245  10 $a Valeria, the Martyr of the Catacombs : $b A Tale of Early Christian Life in Rome $h [electronic resource] / $c W. H. Withrow
=260  \\ $b Project Gutenberg, $c 2010
=506  \\ $a Public domain in the USA.
=516  \\ $a Text
=653  \\ $a Martyrs -- Italy -- Rome -- Fiction
=653  \\ $a Catacombs -- Italy -- Rome -- Fiction
=653  \\ $a Christian life -- History -- Early church, ca. 30-600
=653  \\ $a Rome (Italy) -- Church history -- Primitive and early church, ca. 30-600 -- Fiction
=830  \0 $a Project Gutenberg $v 33484
=856  40 $u http://www.gutenberg.org/ebooks/33484

