=LDR  00704nas  2200229uu 4500
=000  00568cam\a22001693a\4500
=001  33485
=003  PGUSA
=005  20161217030021.0
=008  100822s2010||||xxu|||||s|||||000\|\eng\d
=040  \\ $a PGUSA $b eng
=042  \\ $a dc
=050  \4$aDS
=100  1\ $a Smith, Arthur H., $d 1845-1932
=245  10 $a Village Life in China : $b A Study in Sociology $h [electronic resource] / $c Arthur H. Smith
=260  \\ $b Project Gutenberg, $c 2010
=506  \\ $a Public domain in the USA.
=516  \\ $a Text
=653  \\ $a China -- Social life and customs
=653  \\ $a Villages
=830  \0 $a Project Gutenberg $v 33485
=856  40 $u http://www.gutenberg.org/ebooks/33485

