=LDR  00662nas  2200217uu 4500
=000  00568cam\a22001693a\4500
=001  33486
=003  PGUSA
=005  20161217030021.0
=008  101123s2010||||xxu|||||s|||||000\p\eng\d
=040  \\ $a PGUSA $b eng
=042  \\ $a dc
=050  \4$aPS
=100  1\ $a Phelps, Elizabeth Stuart, $d 1844-1911
=245  10 $a Songs of the Silent World, and Other Poems $h [electronic resource] / $c Elizabeth Stuart Phelps
=260  \\ $b Project Gutenberg, $c 2010
=506  \\ $a Public domain in the USA.
=516  \\ $a Text
=653  \\ $a Poetry
=830  \0 $a Project Gutenberg $v 33486
=856  40 $u http://www.gutenberg.org/ebooks/33486

