=LDR  00857nas  2200241uu 4500
=000  00568cam\a22001693a\4500
=001  33487
=003  PGUSA
=005  20161217030021.0
=008  100822s2010||||xxu|||||s|||||000\1\eng\d
=040  \\ $a PGUSA $b eng
=042  \\ $a dc
=050  \4$aPT
=100  1\ $a Bolanden, Conrad von, $d 1828-1920
=245  10 $a Barbarossa; An Historical Novel of the XII Century. $h [electronic resource] / $c Conrad von Bolanden
=260  \\ $b Project Gutenberg, $c 2010
=506  \\ $a Public domain in the USA.
=516  \\ $a Text
=653  \\ $a Germany -- History -- Frederick I, 1152-1190 -- Fiction
=740  0\ $a Barbarossa; An Historical Novel of the 12th Century.
=740  0\ $a Barbarossa; An Historical Novel of the Twelfth Century.
=830  \0 $a Project Gutenberg $v 33487
=856  40 $u http://www.gutenberg.org/ebooks/33487

