=LDR  00647nas  2200217uu 4500
=000  00568cam\a22001693a\4500
=001  33490
=003  PGUSA
=005  20161217030021.0
=008  100822s2010||||xxu|||||s|||||000\1\eng\d
=040  \\ $a PGUSA $b eng
=042  \\ $a dc
=050  \4$aPR
=100  1\ $a Thurston, Katherine Cecil, $d 1875-1911
=245  14 $a The Gambler : $b A Novel $h [electronic resource] / $c Katherine Cecil Thurston
=260  \\ $b Project Gutenberg, $c 2010
=506  \\ $a Public domain in the USA.
=516  \\ $a Text
=653  \\ $a Fiction
=830  \0 $a Project Gutenberg $v 33490
=856  40 $u http://www.gutenberg.org/ebooks/33490

