=LDR  00675nas  2200217uu 4500
=000  00568cam\a22001693a\4500
=001  33491
=003  PGUSA
=005  20161217030021.0
=008  100822s2010||||xxu|||||s|||||000\|\ger\d
=040  \\ $a PGUSA $b ger
=042  \\ $a dc
=050  \4$aUG
=100  1\ $a Prittwitz, M. von $q (Moritz), $d 1795-1885
=245  14 $a Die Festungen gegenüber den gezogenen Geschützen $h [electronic resource] / $c M. von Prittwitz
=260  \\ $b Project Gutenberg, $c 2010
=506  \\ $a Public domain in the USA.
=516  \\ $a Text
=653  \\ $a Fortification
=830  \0 $a Project Gutenberg $v 33491
=856  40 $u http://www.gutenberg.org/ebooks/33491

