=LDR  00694nas  2200217uu 4500
=000  00568cam\a22001693a\4500
=001  33492
=003  PGUSA
=005  20161217030021.0
=008  100822s2010||||xxu|||||s|||||000\|\eng\d
=040  \\ $a PGUSA $b eng
=042  \\ $a dc
=050  \4$aBV
=100  1\ $a Whitham, A. R. $q (Arthur Richard), $d 1863-1930
=245  14 $a The Christian Use of the Psalter $h [electronic resource] / $c A. R. Whitham
=260  \\ $b Project Gutenberg, $c 2010
=506  \\ $a Public domain in the USA.
=516  \\ $a Text
=653  \\ $a Bible. Psalms -- Criticism, interpretation, etc.
=830  \0 $a Project Gutenberg $v 33492
=856  40 $u http://www.gutenberg.org/ebooks/33492

