=LDR  00661nas  2200217uu 4500
=000  00568cam\a22001693a\4500
=001  33493
=003  PGUSA
=005  20161217030021.0
=008  100822s2010||||xxu|||||s|||||000\1\fin\d
=040  \\ $a PGUSA $b fin
=042  \\ $a dc
=050  \4$aPT
=100  1\ $a Friis, J. A. $q (Jens Andreas), $d 1821-1896
=245  10 $a Laila eli Kuvaelmia Ruijan rannoilta $h [electronic resource] / $c J. A. Friis
=260  \\ $b Project Gutenberg, $c 2010
=506  \\ $a Public domain in the USA.
=516  \\ $a Text
=653  \\ $a Norway -- Fiction
=830  \0 $a Project Gutenberg $v 33493
=856  40 $u http://www.gutenberg.org/ebooks/33493

