=LDR  00661nas  2200217uu 4500
=000  00568cam\a22001693a\4500
=001  33494
=003  PGUSA
=005  20161217030021.0
=008  100822s2010||||xxu|||||s|||||000\|\eng\d
=040  \\ $a PGUSA $b eng
=042  \\ $a dc
=050  \4$aZ
=245  14 $a The Library and Society : $b Reprints of Papers and Addresses $h [electronic resource]
=260  \\ $b Project Gutenberg, $c 2010
=506  \\ $a Public domain in the USA.
=516  \\ $a Text
=653  \\ $a Library science -- Social aspects
=653  \\ $a Libraries and society
=830  \0 $a Project Gutenberg $v 33494
=856  40 $u http://www.gutenberg.org/ebooks/33494

