=LDR  00635nas  2200217uu 4500
=000  00568cam\a22001693a\4500
=001  33495
=003  PGUSA
=005  20161217030021.0
=008  100823s2010||||xxu|||||s|||||000\1\fin\d
=040  \\ $a PGUSA $b fin
=042  \\ $a dc
=050  \4$aPT
=100  1\ $a Hirvonen, Simeon, $d 1848-1915
=245  10 $a Lukkarin Mari : $b $b Kynäily $h [electronic resource] / $c Simeon Hirvonen
=260  \\ $b Project Gutenberg, $c 2010
=506  \\ $a Public domain in the USA.
=516  \\ $a Text
=653  \\ $a Fiction
=830  \0 $a Project Gutenberg $v 33495
=856  40 $u http://www.gutenberg.org/ebooks/33495

