=LDR  00686nas  2200229uu 4500
=000  00568cam\a22001693a\4500
=001  33496
=003  PGUSA
=005  20161217030021.0
=008  100823s2010||||xxu|||||s|||||000\|\eng\d
=040  \\ $a PGUSA $b eng
=042  \\ $a dc
=050  \4$aDS
=100  1\ $a Taylor, William
=245  10 $a Scenes and Adventures in Affghanistan $h [electronic resource] / $c William Taylor
=260  \\ $b Project Gutenberg, $c 2010
=506  \\ $a Public domain in the USA.
=516  \\ $a Text
=653  \\ $a Afghanistan -- Description and travel
=653  \\ $a Afghan Wars
=830  \0 $a Project Gutenberg $v 33496
=856  40 $u http://www.gutenberg.org/ebooks/33496

