=LDR  00771nas  2200229uu 4500
=000  00568cam\a22001693a\4500
=001  33498
=003  PGUSA
=005  20161217030021.0
=008  100825s2010||||xxu|||||s|||||000\1\eng\d
=040  \\ $a PGUSA $b eng
=042  \\ $a dc
=050  \4$aPS
=100  1\ $a Rhodes, Eugene Manlove, $d 1869-1934
=245  10 $a Bransford of Rainbow Range : $b $b Originally Published under the title of Bransford in Arcadia, or, The Little Eohippus $h [electronic resource] / $c Eugene Manlove Rhodes
=260  \\ $b Project Gutenberg, $c 2010
=506  \\ $a Public domain in the USA.
=516  \\ $a Text
=653  \\ $a Western stories
=653  \\ $a Fiction
=830  \0 $a Project Gutenberg $v 33498
=856  40 $u http://www.gutenberg.org/ebooks/33498

