=LDR  00949nas  2200241uu 4500
=000  00568cam\a22001693a\4500
=001  33499
=003  PGUSA
=005  20161217030021.0
=008  100825s2010||||xxu|||||s|||||000\1\eng\d
=040  \\ $a PGUSA $b eng
=042  \\ $a dc
=050  \4$aPS
=100  1\ $a Thanet, Octave, $d 1850-1934
=245  10 $a Stories That End Well $h [electronic resource] / $c Octave Thanet
=260  \\ $b Project Gutenberg, $c 2010
=505  0\ $a An adventure in Altruria -- Through the terrors of the law -- The real thing -- The old partisan -- Max; or, his picture -- The stout Miss Hopkins' bicycle -- The spellbinder -- The object of the federation -- The lonely little girl -- The hero of Company G -- A miracle play.
=506  \\ $a Public domain in the USA.
=516  \\ $a Text
=653  \\ $a Short stories
=653  \\ $a Fiction
=830  \0 $a Project Gutenberg $v 33499
=856  40 $u http://www.gutenberg.org/ebooks/33499

