=LDR  00624nas  2200217uu 4500
=000  00568cam\a22001693a\4500
=001  33501
=003  PGUSA
=005  20161217030021.0
=008  100822s2010||||xxu|||||s|||||000\1\eng\d
=040  \\ $a PGUSA $b eng
=042  \\ $a dc
=050  \4$aPS
=100  1\ $a Hastings, Milo, $d 1884-1957
=245  14 $a The Book of Gud $h [electronic resource] / $c Milo Hastings
=260  \\ $b Project Gutenberg, $c 2010
=506  \\ $a Public domain in the USA.
=516  \\ $a Text
=653  \\ $a Gods -- Fiction
=830  \0 $a Project Gutenberg $v 33501
=856  40 $u http://www.gutenberg.org/ebooks/33501

