=LDR  00622nas  2200217uu 4500
=000  00568cam\a22001693a\4500
=001  33502
=003  PGUSA
=005  20161217030021.0
=008  100822s2010||||xxu|||||s|||||000\|\eng\d
=040  \\ $a PGUSA $b eng
=042  \\ $a dc
=050  \4$aTT
=100  1\ $a Lambert, Miss $q (F.)
=245  10 $a My Knitting Book $h [electronic resource] / $c Miss Lambert
=260  \\ $b Project Gutenberg, $c 2010
=506  \\ $a Public domain in the USA.
=516  \\ $a Text
=653  \\ $a Knitting -- Patterns
=830  \0 $a Project Gutenberg $v 33502
=856  40 $u http://www.gutenberg.org/ebooks/33502

