=LDR  00796nas  2200229uu 4500
=000  00568cam\a22001693a\4500
=001  33503
=003  PGUSA
=005  20161217030021.0
=008  100823s2010||||xxu|||||s|||||000\|\eng\d
=040  \\ $a PGUSA $b eng
=042  \\ $a dc
=050  \4$aRC
=100  1\ $a Caius, John, $d 1510-1573
=245  14 $a The Sweating Sickness : $b $b A boke or counseill against the disease commonly called the sweate or sweatyng sicknesse $h [electronic resource] / $c John Caius
=260  \\ $b Project Gutenberg, $c 2010
=506  \\ $a Public domain in the USA.
=516  \\ $a Text
=653  \\ $a Sweating-sickness -- Early works to 1800
=653  \\ $a Medicine -- Early works to 1800
=830  \0 $a Project Gutenberg $v 33503
=856  40 $u http://www.gutenberg.org/ebooks/33503

