=LDR  00727nas  2200217uu 4500
=000  00568cam\a22001693a\4500
=001  33504
=003  PGUSA
=005  20161217030021.0
=008  100823s2010||||xxu|||||s|||||000\|\eng\d
=040  \\ $a PGUSA $b eng
=042  \\ $a dc
=050  \4$aQC
=100  1\ $a Newton, Isaac, $c Sir, $d 1642-1727
=245  10 $a Opticks : $b $b Or, A Treatise of the Reflections, Refractions, Inflections, and Colours of Light $h [electronic resource] / $c Isaac, Newton
=260  \\ $b Project Gutenberg, $c 2010
=506  \\ $a Public domain in the USA.
=516  \\ $a Text
=653  \\ $a Optics -- Early works to 1800
=830  \0 $a Project Gutenberg $v 33504
=856  40 $u http://www.gutenberg.org/ebooks/33504

