=LDR  00841nas  2200253uu 4500
=000  00568cam\a22001693a\4500
=001  33506
=003  PGUSA
=005  20161217030021.0
=008  100823s2010||||xxu|||||s|||||000\|\eng\d
=040  \\ $a PGUSA $b eng
=042  \\ $a dc
=050  \4$aBF
=100  1\ $a Davenport, Reuben Briggs
=245  14 $a The Death-Blow to Spiritualism : $b Being the True Story of the Fox Sisters $h [electronic resource] / $c Reuben Briggs Davenport
=260  \\ $b Project Gutenberg, $c 2010
=506  \\ $a Public domain in the USA.
=516  \\ $a Text
=653  \\ $a Jencken, Catherine Fox, 1836-1892
=653  \\ $a Spiritualism
=653  \\ $a Mediums -- New York (State) -- Rochester
=653  \\ $a Fox, Margaret, 1833-1893
=830  \0 $a Project Gutenberg $v 33506
=856  40 $u http://www.gutenberg.org/ebooks/33506

