=LDR  00734nas  2200217uu 4500
=000  00568cam\a22001693a\4500
=001  33507
=003  PGUSA
=005  20161217030021.0
=008  100823s2010||||xxu|||||s|||||000\|\eng\d
=040  \\ $a PGUSA $b eng
=042  \\ $a dc
=050  \4$aQL
=100  1\ $a Wood, Norman Asa, $d 1857-
=245  14 $a The Mammals of Washtenaw County, Michigan : $b $b Occasional Papers of the Museum of Zoology, No. 123 $h [electronic resource] / $c Norman Asa Wood
=260  \\ $b Project Gutenberg, $c 2010
=506  \\ $a Public domain in the USA.
=516  \\ $a Text
=653  \\ $a Mammals -- Michigan -- Washtenaw County
=830  \0 $a Project Gutenberg $v 33507
=856  40 $u http://www.gutenberg.org/ebooks/33507

