=LDR  00690nas  2200217uu 4500
=000  00568cam\a22001693a\4500
=001  33508
=003  PGUSA
=005  20161217030021.0
=008  100823s2010||||xxu|||||s|||||000\|\eng\d
=040  \\ $a PGUSA $b eng
=042  \\ $a dc
=050  \4$aQH
=100  1\ $a Duellman, William Edward, $d 1930-
=245  12 $a A New Subspecies of Lizard, Cnemidophorus sacki, from Michoacán, México $h [electronic resource] / $c William Edward Duellman
=260  \\ $b Project Gutenberg, $c 2010
=506  \\ $a Public domain in the USA.
=516  \\ $a Text
=653  \\ $a Lizards
=830  \0 $a Project Gutenberg $v 33508
=856  40 $u http://www.gutenberg.org/ebooks/33508

