=LDR  00714nas  2200217uu 4500
=000  00568cam\a22001693a\4500
=001  33509
=003  PGUSA
=005  20161217030021.0
=008  100823s2010||||xxu|||||s|||||000\|\eng\d
=040  \\ $a PGUSA $b eng
=042  \\ $a dc
=050  \4$aQH
=100  1\ $a Alvarez, Ticul, $d 1935-2001
=245  10 $a Taxonomic Status of Some Mice of The Peromyscus boylii Group in Eastern Mexico, With Description of a New Subspecies $h [electronic resource] / $c Ticul Alvarez
=260  \\ $b Project Gutenberg, $c 2010
=506  \\ $a Public domain in the USA.
=516  \\ $a Text
=653  \\ $a Mice
=830  \0 $a Project Gutenberg $v 33509
=856  40 $u http://www.gutenberg.org/ebooks/33509

