=LDR  00743nas  2200229uu 4500
=000  00568cam\a22001693a\4500
=001  33510
=003  PGUSA
=005  20161217030021.0
=008  100823s2010||||xxu|||||s|||||000\|\eng\d
=040  \\ $a PGUSA $b eng
=042  \\ $a dc
=050  \4$aPZ
=100  1\ $a Leslie, Eliza, $d 1787-1858
=245  10 $a Stories for Helen $h [electronic resource] / $c Eliza Leslie
=260  \\ $b Project Gutenberg, $c 2010
=505  0\ $a The tell-tale -- The boarding school feast -- The week of idleness -- Madeline Malcolm.
=506  \\ $a Public domain in the USA.
=516  \\ $a Text
=653  \\ $a Children's stories, American
=830  \0 $a Project Gutenberg $v 33510
=856  40 $u http://www.gutenberg.org/ebooks/33510

