=LDR  01198nas  2200265uu 4500
=000  00568cam\a22001693a\4500
=001  33511
=003  PGUSA
=005  20161217030021.0
=008  100823s2010||||xxu|||||s|||||000\|\eng\d
=040  \\ $a PGUSA $b eng
=042  \\ $a dc
=050  \4$aPZ
=100  1\ $a Robinson, Charles, $d 1870-1937
=245  10 $a Tales of Passed Times $h [electronic resource] / $c Charles Robinson
=260  \\ $b Project Gutenberg, $c 2010
=500  \\ $a Includes "Beauty and the beast" by Mme. Le Prince de Beaumont and "The benevolent frog" and "Princess Rosette" by Mme la Comtesse d'Aulnoy.
=505  0\ $a The sleeping beauty in the wood -- Little Red Riding-Hood -- Blue Beard -- Master cat, or, Puss in boots -- The fairies -- Cinderella, or, The little glass slipper -- Riquet with the tuft -- Little Thumbling -- Beauty and the beast -- The benevolent frog -- Princess Rosette.
=506  \\ $a Public domain in the USA.
=516  \\ $a Text
=653  \\ $a Fairy tales
=653  \\ $a Children's stories, French -- Translations into English
=653  \\ $a Fairy tales -- France
=830  \0 $a Project Gutenberg $v 33511
=856  40 $u http://www.gutenberg.org/ebooks/33511

