=LDR  00681nas  2200217uu 4500
=000  00568cam\a22001693a\4500
=001  33512
=003  PGUSA
=005  20161217030021.0
=008  100823s2010||||xxu|||||s|||||000\1\eng\d
=040  \\ $a PGUSA $b eng
=042  \\ $a dc
=050  \4$aPR
=100  1\ $a White, Fred M. $q (Fred Merrick), $d 1859-
=245  10 $a Hard Pressed $h [electronic resource] / $c Fred M. White
=260  \\ $b Project Gutenberg, $c 2010
=506  \\ $a Public domain in the USA.
=516  \\ $a Text
=653  \\ $a England -- Social life and customs -- 20th century -- Fiction
=830  \0 $a Project Gutenberg $v 33512
=856  40 $u http://www.gutenberg.org/ebooks/33512

