=LDR  00773nas  2200229uu 4500
=000  00568cam\a22001693a\4500
=001  33514
=003  PGUSA
=005  20161217030021.0
=008  100823s2010||||xxu|||||s|||||000\|\eng\d
=040  \\ $a PGUSA $b eng
=042  \\ $a dc
=050  \4$aQH
=100  1\ $a Nägeli, Carl, $d 1817-1891
=245  12 $a A Mechanico-Physiological Theory of Organic Evolution $h [electronic resource] / $c Carl Nägeli
=260  \\ $b Project Gutenberg, $c 2010
=500  \\ $a A translation of the summary of the author's Mechanisch-physiologische Theorie der Abstammungslehre.
=506  \\ $a Public domain in the USA.
=516  \\ $a Text
=653  \\ $a Evolution
=830  \0 $a Project Gutenberg $v 33514
=856  40 $u http://www.gutenberg.org/ebooks/33514

