=LDR  00764nas  2200241uu 4500
=000  00568cam\a22001693a\4500
=001  33515
=003  PGUSA
=005  20161217030021.0
=008  100823s2010||||xxu|||||s|||||000\|\eng\d
=040  \\ $a PGUSA $b eng
=042  \\ $a dc
=050  \4$aBS
=100  1\ $a Brown, James Baldwin, $d 1820-1884
=245  10 $a Misread Passages of Scriptures $h [electronic resource] / $c James Baldwin Brown
=260  \\ $b Project Gutenberg, $c 2010
=506  \\ $a Public domain in the USA.
=516  \\ $a Text
=653  \\ $a Sermons, English
=653  \\ $a Congregational churches -- Sermons
=653  \\ $a Bible -- Criticism, interpretation, etc.
=830  \0 $a Project Gutenberg $v 33515
=856  40 $u http://www.gutenberg.org/ebooks/33515

