=LDR  00739nas  2200241uu 4500
=000  00568cam\a22001693a\4500
=001  33516
=003  PGUSA
=005  20161217030021.0
=008  100823s2010||||xxu|||||s|||||000\1\eng\d
=040  \\ $a PGUSA $b eng
=042  \\ $a dc
=050  \4$aPQ
=100  1\ $a Kingston, William Henry Giles, $d 1814-1880
=245  10 $a Abandoned $h [electronic resource] / $c William Henry Giles Kingston
=260  \\ $b Project Gutenberg, $c 2010
=506  \\ $a Public domain in the USA.
=516  \\ $a Text
=653  \\ $a Islands of the Pacific -- Fiction
=653  \\ $a Castaways -- Fiction
=653  \\ $a Science fiction
=830  \0 $a Project Gutenberg $v 33516
=856  40 $u http://www.gutenberg.org/ebooks/33516

