=LDR  00739nas  2200229uu 4500
=000  00568cam\a22001693a\4500
=001  33519
=003  PGUSA
=005  20161217030021.0
=008  100823s2010||||xxu|||||s|||||000\1\eng\d
=040  \\ $a PGUSA $b eng
=042  \\ $a dc
=050  \4$aPR
=100  1\ $a Sedgwick, Anne Douglas, $d 1873-1935
=245  14 $a The Nest, The White Pagoda, The Suicide, A Forsaken Temple, Miss Jones and the Masterpiece $h [electronic resource] / $c Anne Douglas Sedgwick
=260  \\ $b Project Gutenberg, $c 2010
=506  \\ $a Public domain in the USA.
=516  \\ $a Text
=653  \\ $a Short stories
=653  \\ $a Fiction
=830  \0 $a Project Gutenberg $v 33519
=856  40 $u http://www.gutenberg.org/ebooks/33519

