=LDR  00936nas  2200229uu 4500
=000  00568cam\a22001693a\4500
=001  33520
=003  PGUSA
=005  20161217030021.0
=008  100823s2010||||xxu|||||s|||||000\|\eng\d
=040  \\ $a PGUSA $b eng
=042  \\ $a dc
=050  \4$aBV
=100  1\ $a Moody, Dwight Lyman, $d 1837-1899
=245  10 $a Wondrous Love, and other Gospel addresses $h [electronic resource] / $c Dwight Lyman Moody
=260  \\ $b Project Gutenberg, $c 2010
=505  0\ $a Christ's boundless compassion -- The new birth -- The blood (two addresses) -- Christ all in all -- Naaman the Syrian -- One word: "Gospel" -- The way of salvation -- Eight "I wills" of Christ -- The right kind of faith -- The dying thief.
=506  \\ $a Public domain in the USA.
=516  \\ $a Text
=653  \\ $a Sermons, American -- 19th century
=830  \0 $a Project Gutenberg $v 33520
=856  40 $u http://www.gutenberg.org/ebooks/33520

