=LDR  01032nas  2200301uu 4500
=000  00568cam\a22001693a\4500
=001  33522
=003  PGUSA
=005  20161217030021.0
=008  100824s2010||||xxu|||||s|||||000\1\eng\d
=040  \\ $a PGUSA $b eng
=042  \\ $a dc
=050  \4$aPZ
=100  1\ $a Leslie, Madeline, $d 1815-1893
=245  10 $a Little Frankie and His Cousin $h [electronic resource] / $c Madeline Leslie
=260  \\ $b Project Gutenberg, $c 2010
=506  \\ $a Public domain in the USA.
=516  \\ $a Text
=653  \\ $a Temper -- Juvenile fiction
=653  \\ $a Families -- Juvenile fiction
=653  \\ $a Children -- Conduct of life -- Juvenile fiction
=653  \\ $a Cousins -- Juvenile fiction
=653  \\ $a Obedience -- Juvenile fiction
=653  \\ $a Conduct of life -- Juvenile fiction
=653  \\ $a Christian life -- Juvenile fiction
=653  \\ $a Truthfulness and falsehood -- Juvenile fiction
=830  \0 $a Project Gutenberg $v 33522
=856  40 $u http://www.gutenberg.org/ebooks/33522

