=LDR  00972nas  2200277uu 4500
=000  00568cam\a22001693a\4500
=001  33524
=003  PGUSA
=005  20161217030021.0
=008  100824s2010||||xxu|||||s|||||000\|\eng\d
=040  \\ $a PGUSA $b eng
=042  \\ $a dc
=050  \4$aBL
=100  1\ $a Frazer, James George, $d 1854-1941
=245  14 $a The Belief in Immortality and the Worship of the Dead, Volume 2 (of 3) : $b $b The Belief Among the Polynesians $h [electronic resource] / $c James George Frazer
=260  \\ $b Project Gutenberg, $c 2010
=506  \\ $a Public domain in the USA.
=516  \\ $a Text
=653  \\ $a Oceania -- Religion
=653  \\ $a Burial
=653  \\ $a Oceania -- Social life and customs.
=653  \\ $a Funeral rites and ceremonies -- Oceania
=653  \\ $a Immortality -- Comparative studies
=653  \\ $a Ancestor worship -- Oceania
=830  \0 $a Project Gutenberg $v 33524
=856  40 $u http://www.gutenberg.org/ebooks/33524

