=LDR  01105nas  2200265uu 4500
=000  00568cam\a22001693a\4500
=001  33525
=003  PGUSA
=005  20161217030021.0
=008  100824s2010||||xxu|||||s|||||000\1\eng\d
=040  \\ $a PGUSA $b eng
=042  \\ $a dc
=050  \4$aPK
=100  1\ $a Tagore, Rabindranath, $d 1861-1941
=245  10 $a Stories from Tagore $h [electronic resource] / $c Rabindranath Tagore
=260  \\ $b Project Gutenberg, $c 2010
=505  0\ $a The Cabuliwalla -- The home-coming -- Once there was a king -- The child's return -- Master Mashai -- Subha -- The postmaster -- The castaway -- The son of Rashmani -- The Babus of Nayanjore.
=506  \\ $a Public domain in the USA.
=516  \\ $a Text
=653  \\ $a India -- Social life and customs -- Fiction
=653  \\ $a Tagore, Rabindranath, 1861-1941 -- Translations into English
=653  \\ $a Short stories, Bengali -- Translations into English
=653  \\ $a English language -- Textbooks for foreign speakers -- Indic
=830  \0 $a Project Gutenberg $v 33525
=856  40 $u http://www.gutenberg.org/ebooks/33525

