=LDR  00703nas  2200217uu 4500
=000  00568cam\a22001693a\4500
=001  33526
=003  PGUSA
=005  20161217030021.0
=008  100824s2010||||xxu|||||s|||||000\|\eng\d
=040  \\ $a PGUSA $b eng
=042  \\ $a dc
=050  \4$aAP
=100  1\ $a Burnand, F. C. $q (Francis Cowley), $d 1836-1917
=245  10 $a Punch, or the London Charivari, Vol. 98, June 28 1890 $h [electronic resource] / $c F. C. Burnand
=260  \\ $b Project Gutenberg, $c 2010
=506  \\ $a Public domain in the USA.
=516  \\ $a Text
=653  \\ $a English wit and humor -- Periodicals
=830  \0 $a Project Gutenberg $v 33526
=856  40 $u http://www.gutenberg.org/ebooks/33526

