=LDR  00806nas  2200229uu 4500
=000  00568cam\a22001693a\4500
=001  33527
=003  PGUSA
=005  20161217030021.0
=008  100825s2010||||xxu|||||s|||||000\|\eng\d
=040  \\ $a PGUSA $b eng
=042  \\ $a dc
=050  \4$aQL
=100  1\ $a Caldwell, David Keller, $d 1928-
=245  10 $a Whales, Dolphins, and Porpoises of the Western North Atlantic : $b $b A Guide to Their Identification $h [electronic resource] / $c David Keller Caldwell
=260  \\ $b Project Gutenberg, $c 2010
=506  \\ $a Public domain in the USA.
=516  \\ $a Text
=653  \\ $a Mammals -- North Atlantic Ocean
=653  \\ $a Cetacea -- North Atlantic Ocean -- Identification
=830  \0 $a Project Gutenberg $v 33527
=856  40 $u http://www.gutenberg.org/ebooks/33527

