=LDR  00816nas  2200253uu 4500
=000  00568cam\a22001693a\4500
=001  33528
=003  PGUSA
=005  20161217030021.0
=008  100824s2010||||xxu|||||s|||||000\1\eng\d
=040  \\ $a PGUSA $b eng
=042  \\ $a dc
=050  \4$aPS
=100  1\ $a Chatfield-Taylor, H. C. $q (Hobart Chatfield), $d 1865-1945
=245  10 $a With Edge Tools $h [electronic resource] / $c H. C. Chatfield-Taylor
=260  \\ $b Project Gutenberg, $c 2010
=506  \\ $a Public domain in the USA.
=516  \\ $a Text
=653  \\ $a Married people -- Fiction
=653  \\ $a Man-woman relationships -- Fiction
=653  \\ $a Chicago (Ill.) -- Fiction
=653  \\ $a New York (N.Y.) -- Fiction
=830  \0 $a Project Gutenberg $v 33528
=856  40 $u http://www.gutenberg.org/ebooks/33528

