=LDR  00867nas  2200265uu 4500
=000  00568cam\a22001693a\4500
=001  33530
=003  PGUSA
=005  20161217030021.0
=008  100824s2010||||xxu|||||s|||||000\1\eng\d
=040  \\ $a PGUSA $b eng
=042  \\ $a dc
=050  \4$aPZ
=100  1\ $a Nuttall, Charles
=245  10 $a Dorothy Dale at Glenwood School $h [electronic resource] / $c Charles Nuttall
=260  \\ $b Project Gutenberg, $c 2010
=506  \\ $a Public domain in the USA.
=516  \\ $a Text
=653  \\ $a Girls -- Societies and clubs -- Juvenile fiction
=653  \\ $a Friendship -- Juvenile fiction
=653  \\ $a Teasing -- Juvenile fiction
=653  \\ $a Boarding school students -- Juvenile fiction
=653  \\ $a Schools -- Juvenile fiction
=830  \0 $a Project Gutenberg $v 33530
=856  40 $u http://www.gutenberg.org/ebooks/33530

