=LDR  00776nas  2200241uu 4500
=000  00568cam\a22001693a\4500
=001  33531
=003  PGUSA
=005  20161217030021.0
=008  100825s2010||||xxu|||||s|||||000\|\eng\d
=040  \\ $a PGUSA $b eng
=042  \\ $a dc
=050  \4$aQL
=100  1\ $a Grinnell, Joseph, $d 1877-1939
=245  14 $a The Subspecies of the Mountain Chickadee $h [electronic resource] / $c Joseph Grinnell
=260  \\ $b Project Gutenberg, $c 2010
=500  \\ $a From: University of California Publications in Zoology, Vol. 17, No. 17
=506  \\ $a Public domain in the USA.
=516  \\ $a Text
=653  \\ $a Birds -- California
=653  \\ $a Chickadees
=830  \0 $a Project Gutenberg $v 33531
=856  40 $u http://www.gutenberg.org/ebooks/33531

