=LDR  00674nas  2200217uu 4500
=000  00568cam\a22001693a\4500
=001  33533
=003  PGUSA
=005  20161217030021.0
=008  100825s2010||||xxu|||||s|||||000\p\eng\d
=040  \\ $a PGUSA $b eng
=042  \\ $a dc
=050  \4$aPR
=100  1\ $a Parkerson, James
=245  14 $a The Convict's Farewell : $b with Advice to Criminals, before and after Trial $h [electronic resource] / $c James Parkerson
=260  \\ $b Project Gutenberg, $c 2010
=506  \\ $a Public domain in the USA.
=516  \\ $a Text
=653  \\ $a English poetry
=830  \0 $a Project Gutenberg $v 33533
=856  40 $u http://www.gutenberg.org/ebooks/33533

