=LDR  01052nas  2200277uu 4500
=000  00568cam\a22001693a\4500
=001  33534
=003  PGUSA
=005  20161217030021.0
=008  100825s2010||||xxu|||||s|||||000\|\fre\d
=040  \\ $a PGUSA $b fre
=042  \\ $a dc
=050  \4$aDC
=100  1\ $a Roustam, $d 1847-1845
=245  10 $a Souvenirs de Roustam, mamelouck de Napoléon Ier : $b $b Introduction et notes de Paul Cottin $h [electronic resource] / $c Roustam
=260  \\ $b Project Gutenberg, $c 2010
=506  \\ $a Public domain in the USA.
=516  \\ $a Text
=653  \\ $a Napoleon I, Emperor of the French, 1769-1821 -- Friends and associates
=653  \\ $a Roustam, 1782?-1845
=653  \\ $a Mamelukes -- History
=653  \\ $a Napoleonic Wars, 1800-1815 -- Personal narratives, Armenian
=653  \\ $a Napoleon I, Emperor of the French, 1769-1821 -- Contemporaries
=653  \\ $a Napoleonic Wars, 1800-1815 -- Participation, Mameluke
=830  \0 $a Project Gutenberg $v 33534
=856  40 $u http://www.gutenberg.org/ebooks/33534

