=LDR  00676nas  2200217uu 4500
=000  00568cam\a22001693a\4500
=001  33535
=003  PGUSA
=005  20161217030021.0
=008  100825s2010||||xxu|||||s|||||000\|\eng\d
=040  \\ $a PGUSA $b eng
=042  \\ $a dc
=050  \4$aUF
=100  1\ $a De Zafra, Carlos
=245  14 $a The Development of Armor-piercing Shells (With Suggestions for Their Improvement) $h [electronic resource] / $c Carlos De Zafra
=260  \\ $b Project Gutenberg, $c 2010
=506  \\ $a Public domain in the USA.
=516  \\ $a Text
=653  \\ $a Projectiles
=830  \0 $a Project Gutenberg $v 33535
=856  40 $u http://www.gutenberg.org/ebooks/33535

