=LDR  00710nas  2200229uu 4500
=000  00568cam\a22001693a\4500
=001  33536
=003  PGUSA
=005  20161217030021.0
=008  100826s2010||||xxu|||||s|||||000\|\eng\d
=040  \\ $a PGUSA $b eng
=042  \\ $a dc
=050  \4$aDS
=100  1\ $a Inglis, W. H.
=245  12 $a A report of Major Hart's case, of rice-frauds, near Seringapatam $h [electronic resource] / $c W. H. Inglis
=260  \\ $b Project Gutenberg, $c 2010
=506  \\ $a Public domain in the USA.
=516  \\ $a Text
=653  \\ $a Hart, George Vaughan, 1752-1832
=653  \\ $a East India Company
=830  \0 $a Project Gutenberg $v 33536
=856  40 $u http://www.gutenberg.org/ebooks/33536

