=LDR  00718nas  2200229uu 4500
=000  00568cam\a22001693a\4500
=001  33537
=003  PGUSA
=005  20161217030021.0
=008  100826s2010||||xxu|||||s|||||000\|\eng\d
=040  \\ $a PGUSA $b eng
=042  \\ $a dc
=050  \4$aPN
=100  1\ $a Morris, Clara, $d 1848-1925
=245  10 $a Life on the Stage : $b My Personal Experiences and Recollections $h [electronic resource] / $c Clara Morris
=260  \\ $b Project Gutenberg, $c 2010
=506  \\ $a Public domain in the USA.
=516  \\ $a Text
=653  \\ $a Actors -- Biography
=653  \\ $a Morris, Clara, 1848-1925
=830  \0 $a Project Gutenberg $v 33537
=856  40 $u http://www.gutenberg.org/ebooks/33537

