=LDR  00681nas  2200229uu 4500
=000  00568cam\a22001693a\4500
=001  33538
=003  PGUSA
=005  20161217030021.0
=008  100826s2010||||xxu|||||s|||||000\1\eng\d
=040  \\ $a PGUSA $b eng
=042  \\ $a dc
=050  \4$aPR
=100  1\ $a George, Walter Lionel, $d 1882-1926
=245  12 $a A Bed of Roses $h [electronic resource] / $c Walter Lionel George
=260  \\ $b Project Gutenberg, $c 2010
=506  \\ $a Public domain in the USA.
=516  \\ $a Text
=653  \\ $a Prostitutes -- Fiction
=653  \\ $a England -- Fiction
=830  \0 $a Project Gutenberg $v 33538
=856  40 $u http://www.gutenberg.org/ebooks/33538

