=LDR  00870nas  2200265uu 4500
=000  00568cam\a22001693a\4500
=001  33539
=003  PGUSA
=005  20161217030021.0
=008  100826s2010||||xxu|||||s|||||000\|\fre\d
=040  \\ $a PGUSA $b fre
=042  \\ $a dc
=050  \4$aML
=100  1\ $a Berlioz, Hector, $d 1803-1869
=245  10 $a Voyage musical en Allemagne et en Italie, I $h [electronic resource] / $c Hector Berlioz
=260  \\ $b Project Gutenberg, $c 2010
=506  \\ $a Public domain in the USA.
=516  \\ $a Text
=653  \\ $a Beethoven, Ludwig van, 1770-1827. Symphonies
=653  \\ $a Weber, Carl Maria von, 1786-1826
=653  \\ $a Music -- Italy
=653  \\ $a Gluck, Christoph Willibald, Ritter von, 1714-1787
=653  \\ $a Music -- Germany
=830  \0 $a Project Gutenberg $v 33539
=856  40 $u http://www.gutenberg.org/ebooks/33539

