=LDR  00708nas  2200229uu 4500
=000  00568cam\a22001693a\4500
=001  33540
=003  PGUSA
=005  20161217030021.0
=008  100826s2010||||xxu|||||s|||||000\|\eng\d
=040  \\ $a PGUSA $b eng
=042  \\ $a dc
=050  \4$aD
=100  1\ $a Hallam, Henry, $d 1777-1859
=245  10 $a View of the State of Europe during the Middle Ages, Vol. 3 $h [electronic resource] / $c Henry Hallam
=260  \\ $b Project Gutenberg, $c 2010
=506  \\ $a Public domain in the USA.
=516  \\ $a Text
=653  \\ $a Middle Ages
=653  \\ $a Europe -- History -- 476-1492
=830  \0 $a Project Gutenberg $v 33540
=856  40 $u http://www.gutenberg.org/ebooks/33540

