=LDR  00672nas  2200217uu 4500
=000  00568cam\a22001693a\4500
=001  33541
=003  PGUSA
=005  20161217030021.0
=008  100826s2010||||xxu|||||s|||||000\p\ger\d
=040  \\ $a PGUSA $b ger
=042  \\ $a dc
=050  \4$aPT
=100  1\ $a Morgenstern, Christian, $d 1871-1914
=245  10 $a Galgenlieder nebst dem 'Gingganz' $h [electronic resource] / $c Christian Morgenstern
=260  \\ $b Project Gutenberg, $c 2010
=506  \\ $a Public domain in the USA.
=516  \\ $a Text
=653  \\ $a German poetry -- 20th century
=830  \0 $a Project Gutenberg $v 33541
=856  40 $u http://www.gutenberg.org/ebooks/33541

