=LDR  00830nas  2200241uu 4500
=000  00568cam\a22001693a\4500
=001  33542
=003  PGUSA
=005  20161217030021.0
=008  100827s2010||||xxu|||||s|||||000\1\eng\d
=040  \\ $a PGUSA $b eng
=042  \\ $a dc
=050  \4$aPR
=100  1\ $a Pain, Barry, $d 1864-1928
=245  14 $a The New Gulliver, and other stories $h [electronic resource] / $c Barry Pain
=260  \\ $b Project Gutenberg, $c 2010
=505  0\ $a The new Gulliver -- In a London garden -- Zero -- When I was king -- The satyr -- The choice -- The piano-tuner -- The pearls and the swine.
=506  \\ $a Public domain in the USA.
=516  \\ $a Text
=653  \\ $a Short stories, English
=653  \\ $a Fiction
=830  \0 $a Project Gutenberg $v 33542
=856  40 $u http://www.gutenberg.org/ebooks/33542

