=LDR  00784nas  2200241uu 4500
=000  00568cam\a22001693a\4500
=001  33543
=003  PGUSA
=005  20161217030021.0
=008  100827s2010||||xxu|||||s|||||000\|\eng\d
=040  \\ $a PGUSA $b eng
=042  \\ $a dc
=050  \4$aQL
=050  \4$aQH
=100  1\ $a Duellman, William Edward, $d 1930-
=245  14 $a The Amphibians and Reptiles of Michoacán, México $h [electronic resource] / $c William Edward Duellman
=260  \\ $b Project Gutenberg, $c 2010
=506  \\ $a Public domain in the USA.
=516  \\ $a Text
=653  \\ $a Amphibians -- Mexico -- Michoacán de Ocampo
=653  \\ $a Reptiles -- Mexico -- Michoacán de Ocampo
=830  \0 $a Project Gutenberg $v 33543
=856  40 $u http://www.gutenberg.org/ebooks/33543

