=LDR  00737nas  2200241uu 4500
=000  00568cam\a22001693a\4500
=001  33544
=003  PGUSA
=005  20161217030021.0
=008  100827s2010||||xxu|||||s|||||000\1\eng\d
=040  \\ $a PGUSA $b eng
=042  \\ $a dc
=050  \4$aPZ
=100  1\ $a Molesworth, $c Mrs, $d 1839-1921
=245  10 $a "Carrots : $b " Just a Little Boy $h [electronic resource] / $c Molesworth,
=260  \\ $b Project Gutenberg, $c 2010
=506  \\ $a Public domain in the USA.
=516  \\ $a Text
=653  \\ $a Children's stories
=653  \\ $a Boys -- Juvenile fiction
=653  \\ $a Families -- Juvenile fiction
=830  \0 $a Project Gutenberg $v 33544
=856  40 $u http://www.gutenberg.org/ebooks/33544

