=LDR  00673nas  2200217uu 4500
=000  00568cam\a22001693a\4500
=001  33546
=003  PGUSA
=005  20161217030021.0
=008  100827s2010||||xxu|||||s|||||000\|\eng\d
=040  \\ $a PGUSA $b eng
=042  \\ $a dc
=050  \4$aPR
=100  1\ $a Oppenheim, E. Phillips $q (Edward Phillips), $d 1866-1946
=245  14 $a The Missioner $h [electronic resource] / $c E. Phillips Oppenheim
=260  \\ $b Project Gutenberg, $c 2010
=506  \\ $a Public domain in the USA.
=516  \\ $a Text
=653  \\ $a Detective and mystery stories
=830  \0 $a Project Gutenberg $v 33546
=856  40 $u http://www.gutenberg.org/ebooks/33546

