=LDR  01649nas  2200241uu 4500
=000  00568cam\a22001693a\4500
=001  33547
=003  PGUSA
=005  20161217030021.0
=008  100827s2010||||xxu|||||s|||||000\|\eng\d
=040  \\ $a PGUSA $b eng
=042  \\ $a dc
=050  \4$aPZ
=245  14 $a The Grey Fairy Book $h [electronic resource]
=260  \\ $b Project Gutenberg, $c 2010
=500  \\ $a A collection of thirty-five fairy tales from the folklore of Lithuania, Africa, Germany, Greece, and France.
=505  0\ $a Donkey skin -- The goblin pony -- An impossible enchantment -- The story of Dschemil and Dschemila -- Janni and the draken -- The partnership of the thief and the liar -- Fortunatus and his purse -- The goat-faced girl -- What came of picking flowers -- The story of Bensurdatu -- The magician's horse -- The little gray man -- Herr Lazarus and the draken -- The story of the Queen of the Flowery Isles -- Udea and her seven brothers -- The white wolf -- Mohammed with the magic finger -- Bobino -- The dog and the sparrow -- The story of the three sons of Hali -- The story of the fair Circassians -- The jackal and the spring -- The bear -- The sunchild -- The daughter of Buk Ettemsuch -- Laughing eye and weeping eye, or the limping fox -- The unlooked-for prince -- The simpleton -- The street musicians -- The twin brothers -- Cannetella -- The ogre -- A fairy's blunder -- Long, Broad, and Quickeye -- Prunella.
=506  \\ $a Public domain in the USA.
=516  \\ $a Text
=653  \\ $a Folklore
=653  \\ $a Fairy tales
=830  \0 $a Project Gutenberg $v 33547
=856  40 $u http://www.gutenberg.org/ebooks/33547

