=LDR  00628nas  2200217uu 4500
=000  00568cam\a22001693a\4500
=001  33548
=003  PGUSA
=005  20161217030021.0
=008  100827s2010||||xxu|||||s|||||000\1\ger\d
=040  \\ $a PGUSA $b ger
=042  \\ $a dc
=050  \4$aPT
=100  1\ $a Walser, Robert, $d 1878-1956
=245  10 $a Prosastücke $h [electronic resource] / $c Robert Walser
=260  \\ $b Project Gutenberg, $c 2010
=506  \\ $a Public domain in the USA.
=516  \\ $a Text
=653  \\ $a Swiss fiction (German)
=830  \0 $a Project Gutenberg $v 33548
=856  40 $u http://www.gutenberg.org/ebooks/33548

