=LDR  00641nas  2200217uu 4500
=000  00568cam\a22001693a\4500
=001  33549
=003  PGUSA
=005  20161217030021.0
=008  100827s2010||||xxu|||||s|||||000\|\eng\d
=040  \\ $a PGUSA $b eng
=042  \\ $a dc
=050  \4$aHX
=100  1\ $a Brereton, Cloudesley, $d 1863-1937
=245  10 $a Underground Man $h [electronic resource] / $c Cloudesley Brereton
=260  \\ $b Project Gutenberg, $c 2010
=506  \\ $a Public domain in the USA.
=516  \\ $a Text
=653  \\ $a Civilization, Modern
=830  \0 $a Project Gutenberg $v 33549
=856  40 $u http://www.gutenberg.org/ebooks/33549

