=LDR  00765nas  2200217uu 4500
=000  00568cam\a22001693a\4500
=001  33551
=003  PGUSA
=005  20161217030021.0
=008  100827s2010||||xxu|||||s|||||000\|\eng\d
=040  \\ $a PGUSA $b eng
=042  \\ $a dc
=050  \4$aD501
=100  1\ $a Bachynskyi, IUliian, $d 1870-1940
=245  10 $a Memorandum to the Government of the United States on the Recognition of the Ukrainian People's Republic $h [electronic resource] / $c IUliian Bachynskyi
=260  \\ $b Project Gutenberg, $c 2010
=506  \\ $a Public domain in the USA.
=516  \\ $a Text
=653  \\ $a World War, 1914-1918 -- Territorial questions -- Ukraine
=830  \0 $a Project Gutenberg $v 33551
=856  40 $u http://www.gutenberg.org/ebooks/33551

