=LDR  00912nas  2200277uu 4500
=000  00568cam\a22001693a\4500
=001  33554
=003  PGUSA
=005  20161217030021.0
=008  100827s2010||||xxu|||||s|||||000\1\eng\d
=040  \\ $a PGUSA $b eng
=042  \\ $a dc
=050  \4$aPZ
=100  1\ $a Watkins, Shirley, $d 1897-1979
=245  10 $a Nancy of Paradise Cottage $h [electronic resource] / $c Shirley Watkins
=260  \\ $b Project Gutenberg, $c 2010
=506  \\ $a Public domain in the USA.
=516  \\ $a Text
=653  \\ $a Sisters -- Juvenile fiction
=653  \\ $a Social adjustment -- Juvenile fiction
=653  \\ $a Social classes -- Juvenile fiction
=653  \\ $a First loves -- Juvenile fiction
=653  \\ $a Finance, Personal -- Juvenile fiction
=653  \\ $a Families -- Juvenile fiction
=830  \0 $a Project Gutenberg $v 33554
=856  40 $u http://www.gutenberg.org/ebooks/33554

