=LDR  00641nas  2200229uu 4500
=000  00568cam\a22001693a\4500
=001  33555
=003  PGUSA
=005  20161217030021.0
=008  100827s2010||||xxu|||||s|||||000\p\eng\d
=040  \\ $a PGUSA $b eng
=042  \\ $a dc
=050  \4$aPS
=100  1\ $a Balfour, Grant
=245  10 $a On Strike Till 3 $h [electronic resource] / $c Grant Balfour
=260  \\ $b Project Gutenberg, $c 2010
=506  \\ $a Public domain in the USA.
=516  \\ $a Text
=653  \\ $a Poetry
=740  0\ $a On Strike Till Three
=830  \0 $a Project Gutenberg $v 33555
=856  40 $u http://www.gutenberg.org/ebooks/33555

