=LDR  00633nas  2200217uu 4500
=000  00568cam\a22001693a\4500
=001  33556
=003  PGUSA
=005  20161217030021.0
=008  100827s2010||||xxu|||||s|||||000\1\eng\d
=040  \\ $a PGUSA $b eng
=042  \\ $a dc
=050  \4$aPR
=100  1\ $a Wheeler, Edward J., $d 1866-1933
=245  14 $a The Fortunes Of Glencore $h [electronic resource] / $c Edward J. Wheeler
=260  \\ $b Project Gutenberg, $c 2010
=506  \\ $a Public domain in the USA.
=516  \\ $a Text
=653  \\ $a Fiction
=830  \0 $a Project Gutenberg $v 33556
=856  40 $u http://www.gutenberg.org/ebooks/33556

