=LDR  00756nas  2200253uu 4500
=000  00568cam\a22001693a\4500
=001  33557
=003  PGUSA
=005  20161217030021.0
=008  100828s2010||||xxu|||||s|||||000\1\eng\d
=040  \\ $a PGUSA $b eng
=042  \\ $a dc
=050  \4$aPS
=100  1\ $a Chambers, Robert W. $q (Robert William), $d 1865-1933
=245  14 $a The Moonlit Way : $b A Novel $h [electronic resource] / $c Robert W. Chambers
=260  \\ $b Project Gutenberg, $c 2010
=506  \\ $a Public domain in the USA.
=516  \\ $a Text
=653  \\ $a Spy stories
=653  \\ $a Adventure stories
=653  \\ $a Fiction
=653  \\ $a Love stories
=830  \0 $a Project Gutenberg $v 33557
=856  40 $u http://www.gutenberg.org/ebooks/33557

