=LDR  00801nas  2200253uu 4500
=000  00568cam\a22001693a\4500
=001  33558
=003  PGUSA
=005  20161217030021.0
=008  100828s2010||||xxu|||||s|||||000\|\eng\d
=040  \\ $a PGUSA $b eng
=042  \\ $a dc
=050  \4$aQH
=100  1\ $a Jenkinson, Marion Anne
=245  10 $a Thoracic and Coracoid Arteries In Two Families of Birds, Columbidae and Hirundinidae $h [electronic resource] / $c Marion Anne Jenkinson
=260  \\ $b Project Gutenberg, $c 2010
=506  \\ $a Public domain in the USA.
=516  \\ $a Text
=653  \\ $a Birds -- Anatomy
=653  \\ $a Swallows -- Anatomy
=653  \\ $a Columbidae -- Anatomy
=653  \\ $a Arteries
=830  \0 $a Project Gutenberg $v 33558
=856  40 $u http://www.gutenberg.org/ebooks/33558

