=LDR  00722nas  2200217uu 4500
=000  00568cam\a22001693a\4500
=001  33559
=003  PGUSA
=005  20161217030021.0
=008  100828s2010||||xxu|||||s|||||000\1\eng\d
=040  \\ $a PGUSA $b eng
=042  \\ $a dc
=050  \4$aPZ
=100  1\ $a Stratemeyer, Edward, $d 1862-1930
=245  10 $a At the Fall of Port Arthur; Or, A Young American in the Japanese Navy $h [electronic resource] / $c Edward Stratemeyer
=260  \\ $b Project Gutenberg, $c 2010
=506  \\ $a Public domain in the USA.
=516  \\ $a Text
=653  \\ $a Russo-Japanese War, 1904-1905 -- Juvenile fiction
=830  \0 $a Project Gutenberg $v 33559
=856  40 $u http://www.gutenberg.org/ebooks/33559

