=LDR  00765nas  2200253uu 4500
=000  00568cam\a22001693a\4500
=001  33560
=003  PGUSA
=005  20161217030021.0
=008  100828s2010||||xxu|||||s|||||000\|\eng\d
=040  \\ $a PGUSA $b eng
=042  \\ $a dc
=050  \4$aQE
=050  \4$aQH
=100  1\ $a Echols, Joan
=245  12 $a A New Genus of Pennsylvanian Fish (Crossopterygii, Coelacanthiformes) from Kansas $h [electronic resource] / $c Joan Echols
=260  \\ $b Project Gutenberg, $c 2010
=506  \\ $a Public domain in the USA.
=516  \\ $a Text
=653  \\ $a Fishes, Fossil
=653  \\ $a Synaptotylus newelli
=653  \\ $a Coelacanthiformes
=830  \0 $a Project Gutenberg $v 33560
=856  40 $u http://www.gutenberg.org/ebooks/33560

