=LDR  00962nas  2200277uu 4500
=000  00568cam\a22001693a\4500
=001  33561
=003  PGUSA
=005  20161217030021.0
=008  100828s2010||||xxu|||||s|||||000\1\gre\d
=040  \\ $a PGUSA $b gre
=042  \\ $a dc
=050  \4$aPT
=100  1\ $a Chatzopoulos, Kostantinos, $d 1868-1920
=240  10 $a Boken om lille-bror. $l Greek
=245  10 $a Το βιβλίο του μικρού αδερφού : $b $b Μυθιστόρημα ενός Γάμου $h [electronic resource] / $c Kostantinos Chatzopoulos
=260  \\ $b Project Gutenberg, $c 2010
=500  \\ $a Translation of: Boken om lille-bror
=506  \\ $a Public domain in the USA.
=516  \\ $a Text
=653  \\ $a Domestic fiction
=653  \\ $a Married people -- Fiction
=653  \\ $a Sweden -- Fiction
=740  0\ $a Boken om lille-bror. Greek
=830  \0 $a Project Gutenberg $v 33561
=856  40 $u http://www.gutenberg.org/ebooks/33561

