=LDR  00608nas  2200217uu 4500
=000  00568cam\a22001693a\4500
=001  33562
=003  PGUSA
=005  20161217030021.0
=008  100828s2010||||xxu|||||s|||||000\1\dan\d
=040  \\ $a PGUSA $b dan
=042  \\ $a dc
=050  \4$aPT
=100  1\ $a Gjellerup, Karl, $d 1857-1919
=245  10 $a Minna $h [electronic resource] / $c Karl Gjellerup
=260  \\ $b Project Gutenberg, $c 2010
=506  \\ $a Public domain in the USA.
=516  \\ $a Text
=653  \\ $a Fiction
=830  \0 $a Project Gutenberg $v 33562
=856  40 $u http://www.gutenberg.org/ebooks/33562

