=LDR  00711nas  2200217uu 4500
=000  00568cam\a22001693a\4500
=001  33563
=003  PGUSA
=005  20161217030021.0
=008  100828s2010||||xxu|||||s|||||000\|\dut\d
=040  \\ $a PGUSA $b dut
=042  \\ $a dc
=050  \4$aDJ
=100  1\ $a Hilarides, Johannes, $d 1787-1726
=245  10 $a It aade Friesche Terp; of, Kronyk der Geschiedenissen van de Vrye Friesen $h [electronic resource] / $c Johannes Hilarides
=260  \\ $b Project Gutenberg, $c 2010
=506  \\ $a Public domain in the USA.
=516  \\ $a Text
=653  \\ $a Friesland (Netherlands) -- History
=830  \0 $a Project Gutenberg $v 33563
=856  40 $u http://www.gutenberg.org/ebooks/33563

