=LDR  00695nas  2200217uu 4500
=000  00568cam\a22001693a\4500
=001  33564
=003  PGUSA
=005  20161217030021.0
=008  100828s2010||||xxu|||||s|||||000\|\eng\d
=040  \\ $a PGUSA $b eng
=042  \\ $a dc
=050  \4$aPC
=100  1\ $a Eggleston, George Cary, $d 1839-1911
=245  10 $a John Bull, Junior; or, French as She is Traduced $h [electronic resource] / $c George Cary Eggleston
=260  \\ $b Project Gutenberg, $c 2010
=506  \\ $a Public domain in the USA.
=516  \\ $a Text
=653  \\ $a French language -- Study and teaching
=830  \0 $a Project Gutenberg $v 33564
=856  40 $u http://www.gutenberg.org/ebooks/33564

