=LDR  00639nas  2200217uu 4500
=000  00568cam\a22001693a\4500
=001  33565
=003  PGUSA
=005  20161217030021.0
=008  100828s2010||||xxu|||||s|||||000\1\eng\d
=040  \\ $a PGUSA $b eng
=042  \\ $a dc
=050  \4$aPS
=100  1\ $a Orcutt, William Dana, $d 1870-1953
=245  14 $a The Bachelors : $b A Novel $h [electronic resource] / $c William Dana Orcutt
=260  \\ $b Project Gutenberg, $c 2010
=506  \\ $a Public domain in the USA.
=516  \\ $a Text
=653  \\ $a Fiction
=830  \0 $a Project Gutenberg $v 33565
=856  40 $u http://www.gutenberg.org/ebooks/33565

