=LDR  00867nas  2200265uu 4500
=000  00568cam\a22001693a\4500
=001  33567
=003  PGUSA
=005  20161217030021.0
=008  100829s2010||||xxu|||||s|||||000\d\eng\d
=040  \\ $a PGUSA $b eng
=042  \\ $a dc
=050  \4$aPZ
=100  1\ $a Wheeler, Ruthe S.
=245  10 $a Janet Hardy in Radio City $h [electronic resource] / $c Ruthe S. Wheeler
=260  \\ $b Project Gutenberg, $c 2010
=506  \\ $a Public domain in the USA.
=516  \\ $a Text
=653  \\ $a Mystery and detective stories
=653  \\ $a Rockefeller Center -- Juvenile fiction
=653  \\ $a Radio plays -- Juvenile fiction
=653  \\ $a Women in radio broadcasting -- Juvenile fiction
=653  \\ $a New York (N.Y.) -- Juvenile fiction
=830  \0 $a Project Gutenberg $v 33567
=856  40 $u http://www.gutenberg.org/ebooks/33567

