=LDR  00720nas  2200217uu 4500
=000  00568cam\a22001693a\4500
=001  33568
=003  PGUSA
=005  20161217030021.0
=008  100829s2010||||xxu|||||s|||||000\|\eng\d
=040  \\ $a PGUSA $b eng
=042  \\ $a dc
=050  \4$aE300
=100  1\ $a Mayer, Brantz, $d 1809-1879
=245  10 $a History of the War Between Mexico and the United States, with a Preliminary View of its Origin, Volume 1 $h [electronic resource] / $c Brantz Mayer
=260  \\ $b Project Gutenberg, $c 2010
=506  \\ $a Public domain in the USA.
=516  \\ $a Text
=653  \\ $a Mexican War, 1846-1848
=830  \0 $a Project Gutenberg $v 33568
=856  40 $u http://www.gutenberg.org/ebooks/33568

