=LDR  00715nas  2200241uu 4500
=000  00568cam\a22001693a\4500
=001  33569
=003  PGUSA
=005  20161217030021.0
=008  100829s2010||||xxu|||||s|||||000\1\eng\d
=040  \\ $a PGUSA $b eng
=042  \\ $a dc
=050  \4$aPS
=100  1\ $a Martin, Absalom
=245  10 $a Kastle Krags : $b A Story of Mystery $h [electronic resource] / $c Absalom Martin
=260  \\ $b Project Gutenberg, $c 2010
=506  \\ $a Public domain in the USA.
=516  \\ $a Text
=653  \\ $a Mystery fiction
=653  \\ $a Treasure troves -- Fiction
=653  \\ $a Florida -- Fiction
=830  \0 $a Project Gutenberg $v 33569
=856  40 $u http://www.gutenberg.org/ebooks/33569

