=LDR  01277nas  2200301uu 4500
=000  00568cam\a22001693a\4500
=001  33570
=003  PGUSA
=005  20161217030021.0
=008  100829s2010||||xxu|||||s|||||000\1\eng\d
=040  \\ $a PGUSA $b eng
=042  \\ $a dc
=050  \4$aPZ
=100  1\ $a Robinson, W. Heath $q (William Heath), $d 1872-1944
=245  10 $a Bill the Minder $h [electronic resource] / $c W. Heath Robinson
=260  \\ $b Project Gutenberg, $c 2010
=500  \\ $a Illustrated by the author.
=505  0\ $a Bill the minder -- The King of Troy -- The ancient mariner -- The triplets -- Good Aunt Galladia -- The doctor -- The respectable gentleman -- The Sicilian char-woman -- The interval -- The real soldier -- The wild man -- The musician -- The lost grocer -- The merchant's wife -- The camp-followers -- The siege of Troy -- The end.
=506  \\ $a Public domain in the USA.
=516  \\ $a Text
=653  \\ $a Fairy tales
=653  \\ $a Babysitters -- Juvenile fiction
=653  \\ $a Children's stories
=653  \\ $a Kings and rulers -- Juvenile fiction
=653  \\ $a Voyages and travels -- Juvenile fiction
=653  \\ $a Humorous stories
=830  \0 $a Project Gutenberg $v 33570
=856  40 $u http://www.gutenberg.org/ebooks/33570

