=LDR  01667nas  2200217uu 4500
=000  00568cam\a22001693a\4500
=001  33571
=003  PGUSA
=005  20161217030021.0
=008  100829s2010||||xxu|||||s|||||000\|\eng\d
=040  \\ $a PGUSA $b eng
=042  \\ $a dc
=050  \4$aPZ
=245  14 $a The Green Fairy Book $h [electronic resource]
=260  \\ $b Project Gutenberg, $c 2010
=505  0\ $a The blue bird -- The half-chick -- The story of Caliph stork -- The enchanted watch -- Rosanella -- Sylvain and Jocosa -- Fairy gifts -- Prince Narcissus and the Princess Potentilla -- Prince Featherhead and the Princess Celandine -- The three little pigs -- Heart of ice -- The enchanted ring -- The snuff-box -- The golden blackbird -- The little soldier -- The magic swan -- The dirty shepherdess -- The enchanted snake -- The biter bit -- King Kojata -- Prince Fickle and Fair Helena -- Puddocky -- The story of Hok Lee and the dwarfs -- The story of the three bears -- Prince Vivien and the Princess Placida -- Little One-eye, Little Two-Eyes, and Little Three-Eyes -- Jorinde and Joringel -- Allerleirauh; or, the many-furred creature -- The twelve huntsmen -- Spindle, shuttle, and needle -- The crystal coffin -- The three snake-leaves -- The riddle -- Jack my hedgehog -- The golden lads -- The white snake -- The story of a clever tailor -- The golden mermaid -- The war of the wolf and the fox -- The story of the fisherman and his wife -- The three musicians -- The three dogs.
=506  \\ $a Public domain in the USA.
=516  \\ $a Text
=653  \\ $a Fairy tales
=830  \0 $a Project Gutenberg $v 33571
=856  40 $u http://www.gutenberg.org/ebooks/33571

