=LDR  00648nas  2200217uu 4500
=000  00568cam\a22001693a\4500
=001  33572
=003  PGUSA
=005  20161217030021.0
=008  100829s2010||||xxu|||||s|||||000\|\por\d
=040  \\ $a PGUSA $b por
=042  \\ $a dc
=050  \4$aSB
=100  1\ $a Nunes d'Almeida, Avelino
=245  10 $a Breves palavras sobre a cultura da Oliveira $h [electronic resource] / $c Avelino Nunes d'Almeida
=260  \\ $b Project Gutenberg, $c 2010
=506  \\ $a Public domain in the USA.
=516  \\ $a Text
=653  \\ $a Olive
=830  \0 $a Project Gutenberg $v 33572
=856  40 $u http://www.gutenberg.org/ebooks/33572

