=LDR  00658nas  2200217uu 4500
=000  00568cam\a22001693a\4500
=001  33573
=003  PGUSA
=005  20161217030021.0
=008  100829s2010||||xxu|||||s|||||000\1\eng\d
=040  \\ $a PGUSA $b eng
=042  \\ $a dc
=050  \4$aPT
=100  1\ $a Bolanden, Conrad von, $d 1828-1920
=245  14 $a The Progressionists, and Angela. $h [electronic resource] / $c Conrad von Bolanden
=260  \\ $b Project Gutenberg, $c 2010
=506  \\ $a Public domain in the USA.
=516  \\ $a Text
=653  \\ $a Catholics -- Fiction
=830  \0 $a Project Gutenberg $v 33573
=856  40 $u http://www.gutenberg.org/ebooks/33573

