=LDR  00686nas  2200217uu 4500
=000  00568cam\a22001693a\4500
=001  33574
=003  PGUSA
=005  20161217030021.0
=008  100829s2010||||xxu|||||s|||||000\|\eng\d
=040  \\ $a PGUSA $b eng
=042  \\ $a dc
=050  \4$aQH
=100  1\ $a Fitch, Henry S. $q (Henry Sheldon), $d 1909-2009
=245  12 $a A Field Study of the Kansas Ant-Eating Frog, Gastrophryne olivacea $h [electronic resource] / $c Henry S. Fitch
=260  \\ $b Project Gutenberg, $c 2010
=506  \\ $a Public domain in the USA.
=516  \\ $a Text
=653  \\ $a Frogs
=830  \0 $a Project Gutenberg $v 33574
=856  40 $u http://www.gutenberg.org/ebooks/33574

