=LDR  00757nas  2200229uu 4500
=000  00568cam\a22001693a\4500
=001  33575
=003  PGUSA
=005  20161217030021.0
=008  100829s2010||||xxu|||||s|||||000\|\eng\d
=040  \\ $a PGUSA $b eng
=042  \\ $a dc
=050  \4$aPQ
=100  1\ $a Goldoni, Carlo, $d 1707-1793
=245  14 $a The Comedies of Carlo Goldoni : $b $b edited with an introduction by Helen Zimmern $h [electronic resource] / $c Carlo Goldoni
=260  \\ $b Project Gutenberg, $c 2010
=506  \\ $a Public domain in the USA.
=516  \\ $a Text
=653  \\ $a Comedies
=653  \\ $a Goldoni, Carlo, 1707-1793 -- Translations into English
=830  \0 $a Project Gutenberg $v 33575
=856  40 $u http://www.gutenberg.org/ebooks/33575

