=LDR  00666nas  2200217uu 4500
=000  00568cam\a22001693a\4500
=001  33576
=003  PGUSA
=005  20161217030021.0
=008  100829s2010||||xxu|||||s|||||000\|\eng\d
=040  \\ $a PGUSA $b eng
=042  \\ $a dc
=050  \4$aZ
=110  1\ $a Ticknor and Company
=245  10 $a Ticknor and Company Book Catalog (1887) $h [electronic resource] / $c Ticknor and Company
=260  \\ $b Project Gutenberg, $c 2010
=506  \\ $a Public domain in the USA.
=516  \\ $a Text
=653  \\ $a Publishers' catalogs -- United States
=830  \0 $a Project Gutenberg $v 33576
=856  40 $u http://www.gutenberg.org/ebooks/33576

