=LDR  00734nas  2200229uu 4500
=000  00568cam\a22001693a\4500
=001  33577
=003  PGUSA
=005  20161217030021.0
=008  100829s2010||||xxu|||||s|||||000\1\gre\d
=040  \\ $a PGUSA $b gre
=042  \\ $a dc
=050  \4$aPA
=100  1\ $a Eftaliotis, Argyris, $d 1849-1923
=245  10 $a Η μαζώχτρα κι άλλες ιστορίες : $b $b Ο Βουρκόλακας - Δράμα $h [electronic resource] / $c Argyris Eftaliotis
=260  \\ $b Project Gutenberg, $c 2010
=506  \\ $a Public domain in the USA.
=516  \\ $a Text
=653  \\ $a Fiction
=653  \\ $a Drama
=830  \0 $a Project Gutenberg $v 33577
=856  40 $u http://www.gutenberg.org/ebooks/33577

