=LDR  00861nas  2200241uu 4500
=000  00568cam\a22001693a\4500
=001  33579
=003  PGUSA
=005  20161217030021.0
=008  100830s2010||||xxu|||||s|||||000\e\eng\d
=040  \\ $a PGUSA $b eng
=042  \\ $a dc
=050  \4$aPS
=100  1\ $a Crane, Stephen, $d 1871-1900
=245  10 $a Last Words $h [electronic resource] / $c Stephen Crane
=260  \\ $b Project Gutenberg, $c 2010
=505  0\ $a The reluctant voyagers -- Spitzbergen tales -- Wyoming Valley tales -- London impressions -- New York sketches -- The assassins in modern battles -- Irish notes -- Sullivan county sketches -- Miscellaneous.
=506  \\ $a Public domain in the USA.
=516  \\ $a Text
=653  \\ $a Essays
=653  \\ $a Fiction
=830  \0 $a Project Gutenberg $v 33579
=856  40 $u http://www.gutenberg.org/ebooks/33579

