=LDR  00647nas  2200205uu 4500
=000  00568cam\a22001693a\4500
=001  33580
=003  PGUSA
=005  20161217030021.0
=008  100830s2010||||xxu|||||s|||||000\|\fre\d
=040  \\ $a PGUSA $b fre
=042  \\ $a dc
=050  \4$aPQ
=245  14 $a Les caquets de l'accouchée : $b $b nouvelle édition revue sur les pièces originales $h [electronic resource]
=260  \\ $b Project Gutenberg, $c 2010
=506  \\ $a Public domain in the USA.
=516  \\ $a Text
=653  \\ $a French literature -- 17th century
=830  \0 $a Project Gutenberg $v 33580
=856  40 $u http://www.gutenberg.org/ebooks/33580

