=LDR  00652nas  2200217uu 4500
=000  00568cam\a22001693a\4500
=001  33582
=003  PGUSA
=005  20161217030021.0
=008  100830s2010||||xxu|||||s|||||000\|\eng\d
=040  \\ $a PGUSA $b eng
=042  \\ $a dc
=050  \4$aPR
=100  1\ $a Frost, A. B. $q (Arthur Burdett), $d 1851-1928
=245  10 $a Rhyme? And Reason? $h [electronic resource] / $c A. B. Frost
=260  \\ $b Project Gutenberg, $c 2010
=506  \\ $a Public domain in the USA.
=516  \\ $a Text
=653  \\ $a Nonsense verses, English
=830  \0 $a Project Gutenberg $v 33582
=856  40 $u http://www.gutenberg.org/ebooks/33582

