=LDR  00844nas  2200241uu 4500
=000  00568cam\a22001693a\4500
=001  33583
=003  PGUSA
=005  20161217030021.0
=008  100830s2010||||xxu|||||s|||||000\j\eng\d
=040  \\ $a PGUSA $b eng
=042  \\ $a dc
=050  \4$aPT
=100  1\ $a Heyse, Paul, $d 1830-1914
=245  10 $a L'Arrabiata and Other Tales $h [electronic resource] / $c Paul Heyse
=260  \\ $b Project Gutenberg, $c 2010
=505  0\ $a L'Arrabiata -- Count Ernest's home -- Blind -- Walter's little mother -- The dead lake and other tales: A fortnight at the dead lake. Doomed. Beatrice. Beginning, and end.
=506  \\ $a Public domain in the USA.
=516  \\ $a Text
=653  \\ $a Short stories
=653  \\ $a Fiction
=830  \0 $a Project Gutenberg $v 33583
=856  40 $u http://www.gutenberg.org/ebooks/33583

