=LDR  00918nas  2200241uu 4500
=000  00568cam\a22001693a\4500
=001  33584
=003  PGUSA
=005  20161217030021.0
=008  100830s2010||||xxu|||||s|||||000\|\eng\d
=040  \\ $a PGUSA $b eng
=042  \\ $a dc
=050  \4$aJK
=050  \4$aHQ
=100  1\ $a Dell, Floyd, $d 1887-1969
=245  10 $a Women as World Builders : $b Studies in Modern Feminism $h [electronic resource] / $c Floyd Dell
=260  \\ $b Project Gutenberg, $c 2010
=505  0\ $a The feminist movement -- Charlotte Perkins Gilman -- Emmeline Parkhurst and Jane Addams -- Olive Schreiner and Isadora Duncan -- Beatrice Webb and Emma Goldman -- Margaret Dreier Robins -- Ellen Key -- Freewomen and Dora Marsden.
=506  \\ $a Public domain in the USA.
=516  \\ $a Text
=653  \\ $a Feminism
=830  \0 $a Project Gutenberg $v 33584
=856  40 $u http://www.gutenberg.org/ebooks/33584

