=LDR  01204nas  2200277uu 4500
=000  00568cam\a22001693a\4500
=001  33585
=003  PGUSA
=005  20161217030021.0
=008  100830s2010||||xxu|||||s|||||000\|\eng\d
=040  \\ $a PGUSA $b eng
=042  \\ $a dc
=050  \4$aE456
=110  1\ $a Philadelphia Brigade Association
=245  10 $a Reply of the Philadelphia Brigade Association to the Foolish and Absurd Narrative of Lieutenant Frank A. Haskell $h [electronic resource] / $c Philadelphia Brigade Association
=260  \\ $b Project Gutenberg, $c 2010
=506  \\ $a Public domain in the USA.
=516  \\ $a Text
=653  \\ $a United States. Army. Pennsylvania Infantry Regiment, 69th (1861-1865)
=653  \\ $a United States. Army. Pennsylvania Infantry Regiment, 106th (1861-1864)
=653  \\ $a United States. Army. Pennsylvania Infantry Regiment, 72nd (1861-1864)
=653  \\ $a Haskell, Franklin Aretas, 1828-1864. Battle of Gettysburg
=653  \\ $a Gettysburg, Battle of, Gettysburg, Pa., 1863
=653  \\ $a United States. Army. Pennsylvania Infantry Regiment, 71st (1861-1864)
=830  \0 $a Project Gutenberg $v 33585
=856  40 $u http://www.gutenberg.org/ebooks/33585

