=LDR  00666nas  2200217uu 4500
=000  00568cam\a22001693a\4500
=001  33586
=003  PGUSA
=005  20161217030021.0
=008  100830s2010||||xxu|||||s|||||000\|\eng\d
=040  \\ $a PGUSA $b eng
=042  \\ $a dc
=050  \4$aHV
=100  1\ $a Merwin, Samuel, $d 1874-1936
=245  10 $a Drugging a Nation : $b The Story of China and the Opium Curse $h [electronic resource] / $c Samuel Merwin
=260  \\ $b Project Gutenberg, $c 2010
=506  \\ $a Public domain in the USA.
=516  \\ $a Text
=653  \\ $a Opium trade
=830  \0 $a Project Gutenberg $v 33586
=856  40 $u http://www.gutenberg.org/ebooks/33586

