=LDR  00729nas  2200241uu 4500
=000  00568cam\a22001693a\4500
=001  33587
=003  PGUSA
=005  20161217030021.0
=008  100830s2010||||xxu|||||s|||||000\|\eng\d
=040  \\ $a PGUSA $b eng
=042  \\ $a dc
=050  \4$aBV
=100  1\ $a Gill, Charles Otis, $d 1868-1946
=245  10 $a Six Thousand Country Churches $h [electronic resource] / $c Charles Otis Gill
=260  \\ $b Project Gutenberg, $c 2010
=506  \\ $a Public domain in the USA.
=516  \\ $a Text
=653  \\ $a Social surveys -- Ohio
=653  \\ $a Rural churches -- Ohio
=653  \\ $a Sociology, Rural
=830  \0 $a Project Gutenberg $v 33587
=856  40 $u http://www.gutenberg.org/ebooks/33587

