=LDR  00683nas  2200217uu 4500
=000  00568cam\a22001693a\4500
=001  33591
=003  PGUSA
=005  20161217030021.0
=008  100830s2010||||xxu|||||s|||||000\1\eng\d
=040  \\ $a PGUSA $b eng
=042  \\ $a dc
=050  \4$aPZ
=100  1\ $a Alger, Horatio, $c Jr, $d 1832-1899
=245  10 $a Wait and Hope; Or, A Plucky Boy's Luck $h [electronic resource] / $c Horatio, Alger
=260  \\ $b Project Gutenberg, $c 2010
=506  \\ $a Public domain in the USA.
=516  \\ $a Text
=653  \\ $a Boys -- Conduct of life -- Juvenile fiction
=830  \0 $a Project Gutenberg $v 33591
=856  40 $u http://www.gutenberg.org/ebooks/33591

