=LDR  00708nas  2200217uu 4500
=000  00568cam\a22001693a\4500
=001  33592
=003  PGUSA
=005  20161217030021.0
=008  100831s2010||||xxu|||||s|||||000\p\por\d
=040  \\ $a PGUSA $b por
=042  \\ $a dc
=050  \4$aPR
=100  1\ $a Byron, George Gordon Byron, Baron, $d 1788-1824
=245  12 $a O Cerco de Corintho, poema de Lord Byron, traduzido em verso portuguez $h [electronic resource] / $c George Gordon Byron, Baron Byron
=260  \\ $b Project Gutenberg, $c 2010
=506  \\ $a Public domain in the USA.
=516  \\ $a Text
=653  \\ $a Poetry
=830  \0 $a Project Gutenberg $v 33592
=856  40 $u http://www.gutenberg.org/ebooks/33592

