=LDR  00608nas  2200217uu 4500
=000  00568cam\a22001693a\4500
=001  33593
=003  PGUSA
=005  20161217030021.0
=008  100831s2010||||xxu|||||s|||||000\|\eng\d
=040  \\ $a PGUSA $b eng
=042  \\ $a dc
=050  \4$aSB
=100  1\ $a O'Brien, James, $d 1842-1930
=245  10 $a Orchids $h [electronic resource] / $c James O'Brien
=260  \\ $b Project Gutenberg, $c 2010
=506  \\ $a Public domain in the USA.
=516  \\ $a Text
=653  \\ $a Orchids
=830  \0 $a Project Gutenberg $v 33593
=856  40 $u http://www.gutenberg.org/ebooks/33593

