=LDR  00702nas  2200229uu 4500
=000  00568cam\a22001693a\4500
=001  33594
=003  PGUSA
=005  20161217030021.0
=008  100831s2010||||xxu|||||s|||||000\1\eng\d
=040  \\ $a PGUSA $b eng
=042  \\ $a dc
=050  \4$aPS
=100  1\ $a Edwards, Harry Stillwell, $d 1855-1938
=245  10 $a Eneas Africanus $h [electronic resource] / $c Harry Stillwell Edwards
=260  \\ $b Project Gutenberg, $c 2010
=506  \\ $a Public domain in the USA.
=516  \\ $a Text
=653  \\ $a African Americans -- Fiction
=653  \\ $a Southern States -- Fiction
=830  \0 $a Project Gutenberg $v 33594
=856  40 $u http://www.gutenberg.org/ebooks/33594

