=LDR  00632nas  2200217uu 4500
=000  00568cam\a22001693a\4500
=001  33595
=003  PGUSA
=005  20161217030021.0
=008  100831s2010||||xxu|||||s|||||000\p\fre\d
=040  \\ $a PGUSA $b fre
=042  \\ $a dc
=050  \4$aPQ
=100  1\ $a Lafon-Labatut, Joseph, $d 1809-1877
=245  13 $a La femme du diable $h [electronic resource] / $c Joseph Lafon-Labatut
=260  \\ $b Project Gutenberg, $c 2010
=506  \\ $a Public domain in the USA.
=516  \\ $a Text
=653  \\ $a Poetry
=830  \0 $a Project Gutenberg $v 33595
=856  40 $u http://www.gutenberg.org/ebooks/33595

