=LDR  01139nas  2200277uu 4500
=000  00568cam\a22001693a\4500
=001  33596
=003  PGUSA
=005  20161217030021.0
=008  100831s2010||||xxu|||||s|||||000\|\eng\d
=040  \\ $a PGUSA $b eng
=042  \\ $a dc
=050  \4$aBX
=245  10 $a Mary, Help of Christians, and the Fourteen Saints Invoked as Holy Helpers : $b $b Instructions, Novenas and Prayers with Thoughts of the Saints for Every Day in the Year; To Which is Added an Appendix on the Reasonableness of Catholic Ceremonies and Practices $h [electronic resource]
=260  \\ $b Project Gutenberg, $c 2010
=506  \\ $a Public domain in the USA.
=516  \\ $a Text
=653  \\ $a Christian saints -- Cult
=653  \\ $a Christian saints -- Prayers and devotions
=653  \\ $a Catholic Church -- Prayers and devotions
=653  \\ $a Catholic Church -- Customs and practices
=653  \\ $a Mary, Blessed Virgin, Saint -- Prayers and devotions
=653  \\ $a Sacramentals
=653  \\ $a Sacraments -- Catholic Church
=830  \0 $a Project Gutenberg $v 33596
=856  40 $u http://www.gutenberg.org/ebooks/33596

