=LDR  00774nas  2200241uu 4500
=000  00568cam\a22001693a\4500
=001  33597
=003  PGUSA
=005  20161217030021.0
=008  100901s2010||||xxu|||||s|||||000\1\eng\d
=040  \\ $a PGUSA $b eng
=042  \\ $a dc
=050  \4$aPR
=100  1\ $a Farnol, Jeffery, $d 1878-1952
=245  10 $a Our Admirable Betty : $b A Romance $h [electronic resource] / $c Jeffery Farnol
=260  \\ $b Project Gutenberg, $c 2010
=506  \\ $a Public domain in the USA.
=516  \\ $a Text
=653  \\ $a Courtship -- Fiction
=653  \\ $a Mate selection -- Fiction
=653  \\ $a England -- Social life and customs -- 18th century -- Fiction
=830  \0 $a Project Gutenberg $v 33597
=856  40 $u http://www.gutenberg.org/ebooks/33597

