=LDR  00707nas  2200229uu 4500
=000  00568cam\a22001693a\4500
=001  33598
=003  PGUSA
=005  20161217030021.0
=008  100901s2010||||xxu|||||s|||||000\|\pol\d
=040  \\ $a PGUSA $b pol
=042  \\ $a dc
=050  \4$aPG
=100  1\ $a Łoś, Jan, $d 1860-1928
=245  10 $a Język Polski, 1920, nr 3 (maj/czerwiec) $h [electronic resource] / $c Jan Łoś
=260  \\ $b Project Gutenberg, $c 2010
=506  \\ $a Public domain in the USA.
=516  \\ $a Text
=653  \\ $a Polish language -- Periodicals
=653  \\ $a Polish literature -- Periodicals
=830  \0 $a Project Gutenberg $v 33598
=856  40 $u http://www.gutenberg.org/ebooks/33598

