=LDR  00716nas  2200229uu 4500
=000  00568cam\a22001693a\4500
=001  33599
=003  PGUSA
=005  20161217030021.0
=008  100901s2010||||xxu|||||s|||||000\1\eng\d
=040  \\ $a PGUSA $b eng
=042  \\ $a dc
=050  \4$aPS
=100  1\ $a Barr, Amelia E., $d 1831-1919
=245  12 $a A Rose of a Hundred Leaves : $b A Love Story $h [electronic resource] / $c Amelia E. Barr
=260  \\ $b Project Gutenberg, $c 2010
=506  \\ $a Public domain in the USA.
=516  \\ $a Text
=653  \\ $a Love stories
=653  \\ $a England -- Social life and customs -- Fiction
=830  \0 $a Project Gutenberg $v 33599
=856  40 $u http://www.gutenberg.org/ebooks/33599

