=LDR  00699nas  2200241uu 4500
=000  00568cam\a22001693a\4500
=001  33601
=003  PGUSA
=005  20161217030021.0
=008  100901s2010||||xxu|||||s|||||000\1\eng\d
=040  \\ $a PGUSA $b eng
=042  \\ $a dc
=050  \4$aPS
=100  1\ $a Reed, Myrtle, $d 1874-1911
=245  14 $a The Master's Violin $h [electronic resource] / $c Myrtle Reed
=260  \\ $b Project Gutenberg, $c 2010
=506  \\ $a Public domain in the USA.
=516  \\ $a Text
=653  \\ $a Villages -- Fiction
=653  \\ $a Love stories
=653  \\ $a Violinists -- Fiction
=830  \0 $a Project Gutenberg $v 33601
=856  40 $u http://www.gutenberg.org/ebooks/33601

