=LDR  00685nas  2200217uu 4500
=000  00568cam\a22001693a\4500
=001  33602
=003  PGUSA
=005  20161217030021.0
=008  100901s2010||||xxu|||||s|||||000\1\eng\d
=040  \\ $a PGUSA $b eng
=042  \\ $a dc
=050  \4$aPR
=100  1\ $a Crockett, S. R. $q (Samuel Rutherford), $d 1860-1914
=245  14 $a The Firebrand $h [electronic resource] / $c S. R. Crockett
=260  \\ $b Project Gutenberg, $c 2010
=506  \\ $a Public domain in the USA.
=516  \\ $a Text
=653  \\ $a Spain -- History -- Carlist War, 1833-1840 -- Fiction
=830  \0 $a Project Gutenberg $v 33602
=856  40 $u http://www.gutenberg.org/ebooks/33602

