=LDR  00664nas  2200217uu 4500
=000  00568cam\a22001693a\4500
=001  33603
=003  PGUSA
=005  20161217030021.0
=008  100901s2010||||xxu|||||s|||||000\1\ger\d
=040  \\ $a PGUSA $b ger
=042  \\ $a dc
=050  \4$aPT
=100  1\ $a Bonsels, Waldemar, $d 1880-1952
=245  10 $a Eros und die Evangelien, aus den Notizen eines Vagabunden $h [electronic resource] / $c Waldemar Bonsels
=260  \\ $b Project Gutenberg, $c 2010
=506  \\ $a Public domain in the USA.
=516  \\ $a Text
=653  \\ $a Fiction
=830  \0 $a Project Gutenberg $v 33603
=856  40 $u http://www.gutenberg.org/ebooks/33603

