=LDR  00825nas  2200253uu 4500
=000  00568cam\a22001693a\4500
=001  33605
=003  PGUSA
=005  20161217030021.0
=008  100901s2010||||xxu|||||s|||||000\1\eng\d
=040  \\ $a PGUSA $b eng
=042  \\ $a dc
=050  \4$aPZ
=100  1\ $a Burnham, Margaret
=245  14 $a The Girl Aviators and the Phantom Airship $h [electronic resource] / $c Margaret Burnham
=260  \\ $b Project Gutenberg, $c 2010
=506  \\ $a Public domain in the USA.
=516  \\ $a Text
=653  \\ $a Airplanes -- Juvenile fiction
=653  \\ $a Women air pilots -- Juvenile fiction
=653  \\ $a Aeronautics -- Juvenile fiction
=653  \\ $a Adventure and adventurers -- Juvenile fiction
=830  \0 $a Project Gutenberg $v 33605
=856  40 $u http://www.gutenberg.org/ebooks/33605

