=LDR  00785nas  2200241uu 4500
=000  00568cam\a22001693a\4500
=001  33607
=003  PGUSA
=005  20161217030021.0
=008  100902s2010||||xxu|||||s|||||000\1\eng\d
=040  \\ $a PGUSA $b eng
=042  \\ $a dc
=050  \4$aPS
=100  1\ $a Balfour, Grant
=245  14 $a The Mother of St. Nicholas : $b A Story of Duty and Peril $h [electronic resource] / $c Grant Balfour
=260  \\ $b Project Gutenberg, $c 2010
=506  \\ $a Public domain in the USA.
=516  \\ $a Text
=653  \\ $a Patara (Extinct city) -- Fiction
=653  \\ $a Persecution -- History -- Early church, ca. 30-600 -- Fiction
=653  \\ $a Christian fiction
=830  \0 $a Project Gutenberg $v 33607
=856  40 $u http://www.gutenberg.org/ebooks/33607

