=LDR  00670nas  2200229uu 4500
=000  00568cam\a22001693a\4500
=001  33608
=003  PGUSA
=005  20161217030021.0
=008  100902s2010||||xxu|||||s|||||000\1\eng\d
=040  \\ $a PGUSA $b eng
=042  \\ $a dc
=050  \4$aPS
=100  1\ $a Howells, William Dean, $d 1837-1920
=245  10 $a Bride Roses $h [electronic resource] / $c William Dean Howells
=260  \\ $b Project Gutenberg, $c 2010
=506  \\ $a Public domain in the USA.
=516  \\ $a Text
=653  \\ $a Short stories
=653  \\ $a Florists -- Fiction
=830  \0 $a Project Gutenberg $v 33608
=856  40 $u http://www.gutenberg.org/ebooks/33608

