=LDR  01050nas  2200301uu 4500
=000  00568cam\a22001693a\4500
=001  33609
=003  PGUSA
=005  20161217030021.0
=008  100902s2010||||xxu|||||s|||||000\1\eng\d
=040  \\ $a PGUSA $b eng
=042  \\ $a dc
=050  \4$aPQ
=100  1\ $a Dumas, Alexandre, $d 1802-1870
=240  10 $a La reine Margot. $l English
=245  10 $a Marguerite de Valois $h [electronic resource] / $c Alexandre Dumas
=260  \\ $b Project Gutenberg, $c 2010
=506  \\ $a Public domain in the USA.
=516  \\ $a Text
=653  \\ $a Historical fiction
=653  \\ $a Henry IV, King of France, 1553-1610 -- Fiction
=653  \\ $a Marguerite, Queen, consort of Henry IV, King of France, 1553-1615 -- Fiction
=653  \\ $a Saint Bartholomew's Day, Massacre of, France, 1572 -- Fiction
=653  \\ $a Biographical fiction
=653  \\ $a Queens -- France -- Fiction
=740  0\ $a La reine Margot. English
=830  \0 $a Project Gutenberg $v 33609
=856  40 $u http://www.gutenberg.org/ebooks/33609

