=LDR  00678nas  2200229uu 4500
=000  00568cam\a22001693a\4500
=001  33610
=003  PGUSA
=005  20161217030021.0
=008  100903s2010||||xxu|||||s|||||000\1\eng\d
=040  \\ $a PGUSA $b eng
=042  \\ $a dc
=050  \4$aPR
=100  1\ $a Boothby, Guy, $d 1867-1905
=245  10 $a Pharos, The Egyptian : $b A Romance $h [electronic resource] / $c Guy Boothby
=260  \\ $b Project Gutenberg, $c 2010
=506  \\ $a Public domain in the USA.
=516  \\ $a Text
=653  \\ $a Paranormal fiction
=653  \\ $a Egypt -- Fiction
=830  \0 $a Project Gutenberg $v 33610
=856  40 $u http://www.gutenberg.org/ebooks/33610

