=LDR  00826nas  2200217uu 4500
=000  00568cam\a22001693a\4500
=001  33611
=003  PGUSA
=005  20161217030021.0
=008  100902s2010||||xxu|||||s|||||000\|\por\d
=040  \\ $a PGUSA $b por
=042  \\ $a dc
=050  \4$aF2501
=100  1\ $a Taunay, Alfredo d'Escragnolle Taunay, Visconde de, $d 1843-1899
=245  10 $a Scenas de viagem : $b $b Exploração entre os rios Taquary e Aquidauana no districto de Miranda : memoria descriptiva $h [electronic resource] / $c Alfredo d'Escragnolle Taunay, Visconde de Taunay
=260  \\ $b Project Gutenberg, $c 2010
=506  \\ $a Public domain in the USA.
=516  \\ $a Text
=653  \\ $a Taquari River (Rio Grande do Sul, Brazil)
=830  \0 $a Project Gutenberg $v 33611
=856  40 $u http://www.gutenberg.org/ebooks/33611

