=LDR  00670nas  2200217uu 4500
=000  00568cam\a22001693a\4500
=001  33613
=003  PGUSA
=005  20161217030021.0
=008  100903s2010||||xxu|||||s|||||000\|\eng\d
=040  \\ $a PGUSA $b eng
=042  \\ $a dc
=050  \4$aDA
=100  1\ $a Bryant, Sophie $q (Sophie Willock), $d 1850-1922
=245  10 $a Stories of London $h [electronic resource] / $c Sophie Bryant
=260  \\ $b Project Gutenberg, $c 2010
=506  \\ $a Public domain in the USA.
=516  \\ $a Text
=653  \\ $a London (England) -- Juvenile literature
=830  \0 $a Project Gutenberg $v 33613
=856  40 $u http://www.gutenberg.org/ebooks/33613

