=LDR  01230nas  2200349uu 4500
=000  00568cam\a22001693a\4500
=001  33615
=003  PGUSA
=005  20161217030021.0
=008  100903s2010||||xxu|||||s|||||000\1\eng\d
=040  \\ $a PGUSA $b eng
=042  \\ $a dc
=050  \4$aPZ
=100  1\ $a Stratemeyer, Edward, $d 1862-1930
=245  10 $a Three Young Ranchmen; or, Daring Adventures in the Great West $h [electronic resource] / $c Edward Stratemeyer
=260  \\ $b Project Gutenberg, $c 2010
=506  \\ $a Public domain in the USA.
=516  \\ $a Text
=653  \\ $a Adventure and adventurers -- Juvenile fiction
=653  \\ $a Conduct of life -- Juvenile fiction
=653  \\ $a Orphans -- Juvenile fiction
=653  \\ $a Brothers -- Juvenile fiction
=653  \\ $a Uncles -- Juvenile fiction
=653  \\ $a Miners -- Juvenile fiction
=653  \\ $a Theft -- Juvenile fiction
=653  \\ $a Idaho -- Juvenile fiction
=653  \\ $a Ranchers -- Juvenile fiction
=653  \\ $a Horses -- Juvenile fiction
=653  \\ $a Youth -- Conduct of life -- Juvenile fiction
=740  0\ $a Three Young Ranch Men
=830  \0 $a Project Gutenberg $v 33615
=856  40 $u http://www.gutenberg.org/ebooks/33615

