=LDR  00635nas  2200217uu 4500
=000  00568cam\a22001693a\4500
=001  33616
=003  PGUSA
=005  20161217030021.0
=008  100903s2010||||xxu|||||s|||||000\1\eng\d
=040  \\ $a PGUSA $b eng
=042  \\ $a dc
=050  \4$aPS
=100  1\ $a Long, John Luther, $d 1861-1927
=245  14 $a The Way of the Gods $h [electronic resource] / $c John Luther Long
=260  \\ $b Project Gutenberg, $c 2010
=506  \\ $a Public domain in the USA.
=516  \\ $a Text
=653  \\ $a Japan -- Fiction
=830  \0 $a Project Gutenberg $v 33616
=856  40 $u http://www.gutenberg.org/ebooks/33616

