=LDR  00765nas  2200217uu 4500
=000  00568cam\a22001693a\4500
=001  33617
=003  PGUSA
=005  20161217030021.0
=008  100903s2010||||xxu|||||s|||||000\|\eng\d
=040  \\ $a PGUSA $b eng
=042  \\ $a dc
=050  \4$aF1751
=100  1\ $a Adams, James Meade, $d 1862-
=245  10 $a Pioneering in Cuba : $b $b A Narrative of the Settlement of La Gloria, the First American Colony in Cuba, and the Early Experiences of the Pioneers $h [electronic resource] / $c James Meade Adams
=260  \\ $b Project Gutenberg, $c 2010
=506  \\ $a Public domain in the USA.
=516  \\ $a Text
=653  \\ $a Americans -- Cuba
=830  \0 $a Project Gutenberg $v 33617
=856  40 $u http://www.gutenberg.org/ebooks/33617

