=LDR  00808nas  2200229uu 4500
=000  00568cam\a22001693a\4500
=001  33618
=003  PGUSA
=005  20161217030021.0
=008  100903s2010||||xxu|||||s|||||000\1\eng\d
=040  \\ $a PGUSA $b eng
=042  \\ $a dc
=050  \4$aPQ
=100  1\ $a Sue, Eugène, $d 1804-1857
=245  14 $a The Branding Needle; or, The Monastery of Charolles : $b $b A Tale of the First Communal Charter $h [electronic resource] / $c Eugène Sue
=260  \\ $b Project Gutenberg, $c 2010
=506  \\ $a Public domain in the USA.
=516  \\ $a Text
=653  \\ $a Brunehaut, Queen, consort of Sigebert, King of Austrasia, 534-613
=653  \\ $a France -- History -- To 987 -- Fiction
=830  \0 $a Project Gutenberg $v 33618
=856  40 $u http://www.gutenberg.org/ebooks/33618

