=LDR  00769nas  2200229uu 4500
=000  00568cam\a22001693a\4500
=001  33619
=003  PGUSA
=005  20161217030021.0
=008  100903s2010||||xxu|||||s|||||000\1\eng\d
=040  \\ $a PGUSA $b eng
=042  \\ $a dc
=050  \4$aPZ
=100  1\ $a Henty, G. A. $q (George Alfred), $d 1832-1902
=245  10 $a Maori and Settler : $b A Story of The New Zealand War $h [electronic resource] / $c G. A. Henty
=260  \\ $b Project Gutenberg, $c 2010
=506  \\ $a Public domain in the USA.
=516  \\ $a Text
=653  \\ $a New Zealand -- History -- Juvenile fiction
=653  \\ $a Maori (New Zealand people) -- Juvenile fiction
=830  \0 $a Project Gutenberg $v 33619
=856  40 $u http://www.gutenberg.org/ebooks/33619

