=LDR  00828nas  2200229uu 4500
=000  00568cam\a22001693a\4500
=001  33620
=003  PGUSA
=005  20161217030021.0
=008  100903s2010||||xxu|||||s|||||000\|\eng\d
=040  \\ $a PGUSA $b eng
=042  \\ $a dc
=050  \4$aE151
=100  1\ $a Knowles, J. Harris $q (John Harris), $d 1832-1908
=245  12 $a A Flight in Spring : $b $b In the car Lucania from New York to the Pacific coast and back, during April and May, 1898 $h [electronic resource] / $c J. Harris Knowles
=260  \\ $b Project Gutenberg, $c 2010
=506  \\ $a Public domain in the USA.
=516  \\ $a Text
=653  \\ $a United States -- Description and travel
=653  \\ $a Railroad travel -- United States
=830  \0 $a Project Gutenberg $v 33620
=856  40 $u http://www.gutenberg.org/ebooks/33620

