=LDR  00837nas  2200241uu 4500
=000  00568cam\a22001693a\4500
=001  33621
=003  PGUSA
=005  20161217030021.0
=008  100903s2010||||xxu|||||s|||||000\|\eng\d
=040  \\ $a PGUSA $b eng
=042  \\ $a dc
=050  \4$aF1001
=100  1\ $a Cruikshank, E. A. $q (Ernest Alexander), $d 1853-1939
=245  10 $a Battle of Fort George : $b A paper read on March 14th, 1896 $h [electronic resource] / $c E. A. Cruikshank
=260  \\ $b Project Gutenberg, $c 2010
=506  \\ $a Public domain in the USA.
=516  \\ $a Text
=653  \\ $a Niagara-on-the-Lake (Ont.) -- History
=653  \\ $a United States -- History -- War of 1812
=653  \\ $a Fort George (Niagara-on-the-Lake, Ont.)
=830  \0 $a Project Gutenberg $v 33621
=856  40 $u http://www.gutenberg.org/ebooks/33621

