=LDR  00658nas  2200217uu 4500
=000  00568cam\a22001693a\4500
=001  33622
=003  PGUSA
=005  20161217030021.0
=008  100903s2010||||xxu|||||s|||||000\1\eng\d
=040  \\ $a PGUSA $b eng
=042  \\ $a dc
=050  \4$aPR
=100  1\ $a Tracy, Louis, $d 1863-1928
=245  14 $a The Day of Wrath : $b A Story of 1914 $h [electronic resource] / $c Louis Tracy
=260  \\ $b Project Gutenberg, $c 2010
=506  \\ $a Public domain in the USA.
=516  \\ $a Text
=653  \\ $a World War, 1914-1918 -- Fiction
=830  \0 $a Project Gutenberg $v 33622
=856  40 $u http://www.gutenberg.org/ebooks/33622

