=LDR  00735nas  2200241uu 4500
=000  00568cam\a22001693a\4500
=001  33623
=003  PGUSA
=005  20161217030021.0
=008  100903s2010||||xxu|||||s|||||000\1\eng\d
=040  \\ $a PGUSA $b eng
=042  \\ $a dc
=050  \4$aPS
=100  1\ $a Bangs, John Kendrick, $d 1862-1922
=245  14 $a The Inventions of the Idiot $h [electronic resource] / $c John Kendrick Bangs
=260  \\ $b Project Gutenberg, $c 2010
=506  \\ $a Public domain in the USA.
=516  \\ $a Text
=653  \\ $a Humorous stories
=653  \\ $a Boardinghouses -- Fiction
=653  \\ $a Conversation -- Fiction
=830  \0 $a Project Gutenberg $v 33623
=856  40 $u http://www.gutenberg.org/ebooks/33623

