=LDR  00943nas  2200253uu 4500
=000  00568cam\a22001693a\4500
=001  33625
=003  PGUSA
=005  20161217030021.0
=008  100903s2010||||xxu|||||s|||||000\|\eng\d
=040  \\ $a PGUSA $b eng
=042  \\ $a dc
=050  \4$aE456
=100  1\ $a Grant, Joseph W.
=245  10 $a My First Campaign $h [electronic resource] / $c Joseph W. Grant
=260  \\ $b Project Gutenberg, $c 2010
=506  \\ $a Public domain in the USA.
=516  \\ $a Text
=653  \\ $a United States -- History -- Civil War, 1861-1865 -- Personal narratives
=653  \\ $a United States. Army. Rhode Island Infantry Regiment, 12th (1862-1863)
=653  \\ $a Rhode Island -- History -- Civil War, 1861-1865 -- Regimental histories
=653  \\ $a United States -- History -- Civil War, 1861-1865 -- Regimental histories
=830  \0 $a Project Gutenberg $v 33625
=856  40 $u http://www.gutenberg.org/ebooks/33625

