=LDR  00660nas  2200217uu 4500
=000  00568cam\a22001693a\4500
=001  33626
=003  PGUSA
=005  20161217030021.0
=008  100903s2010||||xxu|||||s|||||000\|\eng\d
=040  \\ $a PGUSA $b eng
=042  \\ $a dc
=050  \4$aE151
=100  1\ $a Sears, Joseph Hamblen, $d 1865-1946
=245  14 $a The Career of Leonard Wood $h [electronic resource] / $c Joseph Hamblen Sears
=260  \\ $b Project Gutenberg, $c 2010
=506  \\ $a Public domain in the USA.
=516  \\ $a Text
=653  \\ $a Wood, Leonard, 1860-1927
=830  \0 $a Project Gutenberg $v 33626
=856  40 $u http://www.gutenberg.org/ebooks/33626

