=LDR  00608nas  2200205uu 4500
=000  00568cam\a22001693a\4500
=001  33627
=003  PGUSA
=005  20161217030021.0
=008  100904s2010||||xxu|||||s|||||000\|\eng\d
=040  \\ $a PGUSA $b eng
=042  \\ $a dc
=050  \4$aE660
=245  10 $a Frederick Hale, a biographical sketch $h [electronic resource] / $c Anonymous
=260  \\ $b Project Gutenberg, $c 2010
=506  \\ $a Public domain in the USA.
=516  \\ $a Text
=653  \\ $a Hale, Frederick, 1874-1963
=830  \0 $a Project Gutenberg $v 33627
=856  40 $u http://www.gutenberg.org/ebooks/33627

