=LDR  00801nas  2200241uu 4500
=000  00568cam\a22001693a\4500
=001  33628
=003  PGUSA
=005  20161217030021.0
=008  100904s2010||||xxu|||||s|||||000\|\eng\d
=040  \\ $a PGUSA $b eng
=042  \\ $a dc
=050  \4$aHX
=100  1\ $a Madison, Charles Allan, $d 1895-1985
=245  10 $a Emma Goldman : $b Biographical Sketch $h [electronic resource] / $c Charles Allan Madison
=260  \\ $b Project Gutenberg, $c 2010
=506  \\ $a Public domain in the USA.
=516  \\ $a Text
=653  \\ $a Women communists -- United States -- Biography
=653  \\ $a Women anarchists -- United States -- Biography
=653  \\ $a Goldman, Emma, 1869-1940
=830  \0 $a Project Gutenberg $v 33628
=856  40 $u http://www.gutenberg.org/ebooks/33628

