=LDR  00710nas  2200241uu 4500
=000  00568cam\a22001693a\4500
=001  33629
=003  PGUSA
=005  20161217030021.0
=008  100904s2010||||xxu|||||s|||||000\p\eng\d
=040  \\ $a PGUSA $b eng
=042  \\ $a dc
=050  \4$aPZ
=050  \4$aPS
=100  1\ $a Mayer, Henry, $d 1868-1954
=245  14 $a The Autobiography of a Monkey $h [electronic resource] / $c Henry Mayer
=260  \\ $b Project Gutenberg, $c 2010
=506  \\ $a Public domain in the USA.
=516  \\ $a Text
=653  \\ $a Monkeys -- Juvenile poetry
=653  \\ $a Children's poetry, American
=830  \0 $a Project Gutenberg $v 33629
=856  40 $u http://www.gutenberg.org/ebooks/33629

