=LDR  00696nas  2200217uu 4500
=000  00568cam\a22001693a\4500
=001  33630
=003  PGUSA
=005  20161217030021.0
=008  100904s2010||||xxu|||||s|||||000\|\eng\d
=040  \\ $a PGUSA $b eng
=042  \\ $a dc
=050  \4$aTN
=100  1\ $a Boyd, Lucius J.
=245  10 $a Geological Report on Asbestos and its Indications, in the Province of Quebec, Canada $h [electronic resource] / $c Lucius J. Boyd
=260  \\ $b Project Gutenberg, $c 2010
=506  \\ $a Public domain in the USA.
=516  \\ $a Text
=653  \\ $a Asbestos -- Québec (Province)
=830  \0 $a Project Gutenberg $v 33630
=856  40 $u http://www.gutenberg.org/ebooks/33630

