=LDR  00763nas  2200217uu 4500
=000  00568cam\a22001693a\4500
=001  33631
=003  PGUSA
=005  20161217030021.0
=008  100904s2010||||xxu|||||s|||||000\|\eng\d
=040  \\ $a PGUSA $b eng
=042  \\ $a dc
=050  \4$aE456
=245  14 $a The Story of a Strange Career : $b Being the Autobiography of a Convict : $b An Authentic Document $h [electronic resource]
=260  \\ $b Project Gutenberg, $c 2010
=500  \\ $a Autobiography ends before convict life began.
=506  \\ $a Public domain in the USA.
=516  \\ $a Text
=653  \\ $a United States -- History -- Civil War, 1861-1865 -- Personal narratives
=830  \0 $a Project Gutenberg $v 33631
=856  40 $u http://www.gutenberg.org/ebooks/33631

