=LDR  00736nas  2200229uu 4500
=000  00568cam\a22001693a\4500
=001  33632
=003  PGUSA
=005  20161217030021.0
=008  100904s2010||||xxu|||||s|||||000\1\dan\d
=040  \\ $a PGUSA $b dan
=042  \\ $a dc
=050  \4$aPR
=100  1\ $a Glyn, Elinor, $d 1864-1943
=245  10 $a Evangelines Genvordigheder : $b Til Kvinder med rødt Haar $h [electronic resource] / $c Elinor Glyn
=260  \\ $b Project Gutenberg, $c 2010
=500  \\ $a Translation of: The Vicissitudes of Evangeline.
=506  \\ $a Public domain in the USA.
=516  \\ $a Text
=653  \\ $a Young women -- Fiction
=830  \0 $a Project Gutenberg $v 33632
=856  40 $u http://www.gutenberg.org/ebooks/33632

