=LDR  00972nas  2200253uu 4500
=000  00568cam\a22001693a\4500
=001  33634
=003  PGUSA
=005  20161217030021.0
=008  100904s2010||||xxu|||||s|||||000\1\eng\d
=040  \\ $a PGUSA $b eng
=042  \\ $a dc
=050  \4$aPS
=100  1\ $a Packard, Frank L. $q (Frank Lucius), $d 1877-1942
=245  14 $a The Night Operator $h [electronic resource] / $c Frank L. Packard
=260  \\ $b Project Gutenberg, $c 2010
=505  0\ $a The night operator -- Owslet and the 1601 -- The apotheosis of Sammy Durgan -- The wrecking boss -- The man who squealed -- The age limit -- "The devil and all his works" -- On the night wire -- The other fellow's job -- The Rat River Special.
=506  \\ $a Public domain in the USA.
=516  \\ $a Text
=653  \\ $a Railroad stories
=653  \\ $a Short stories
=653  \\ $a Fiction
=830  \0 $a Project Gutenberg $v 33634
=856  40 $u http://www.gutenberg.org/ebooks/33634

