=LDR  00874nas  2200241uu 4500
=000  00568cam\a22001693a\4500
=001  33635
=003  PGUSA
=005  20161217030021.0
=008  100904s2010||||xxu|||||s|||||000\|\eng\d
=040  \\ $a PGUSA $b eng
=042  \\ $a dc
=050  \4$aD501
=100  1\ $a Maclean, Norman, $d 1869-1952
=245  14 $a The Great Discovery $h [electronic resource] / $c Norman Maclean
=260  \\ $b Project Gutenberg, $c 2010
=505  0\ $a The great discovery -- The revival of patriotism -- The shadow of the cross -- The power of prayer -- The victory -- The cities of the plain.
=506  \\ $a Public domain in the USA.
=516  \\ $a Text
=653  \\ $a World War, 1914-1918 -- Great Britain
=653  \\ $a World War, 1914-1918 -- Religious aspects
=830  \0 $a Project Gutenberg $v 33635
=856  40 $u http://www.gutenberg.org/ebooks/33635

