=LDR  00861nas  2200229uu 4500
=000  00568cam\a22001693a\4500
=001  33636
=003  PGUSA
=005  20161217030021.0
=008  100904s2010||||xxu|||||s|||||000\|\eng\d
=040  \\ $a PGUSA $b eng
=042  \\ $a dc
=050  \4$aDA
=100  1\ $a Maclean, Norman, $d 1869-1952
=245  10 $a Stand Up, Ye Dead $h [electronic resource] / $c Norman Maclean
=260  \\ $b Project Gutenberg, $c 2010
=505  0\ $a The empty cradle -- The roots of the evil -- The empty countryside -- The man in the slum -- The lord of the slum -- The great refusal -- The slum in the man -- Behind you is God.
=506  \\ $a Public domain in the USA.
=516  \\ $a Text
=653  \\ $a Great Britain -- Social conditions -- 20th century
=830  \0 $a Project Gutenberg $v 33636
=856  40 $u http://www.gutenberg.org/ebooks/33636

