=LDR  01053nas  2200241uu 4500
=000  00568cam\a22001693a\4500
=001  33637
=003  PGUSA
=005  20161217030021.0
=008  100904s2010||||xxu|||||s|||||000\|\eng\d
=040  \\ $a PGUSA $b eng
=042  \\ $a dc
=050  \4$aDA
=100  1\ $a Maclean, Norman, $d 1869-1952
=245  10 $a Victory out of Ruin $h [electronic resource] / $c Norman Maclean
=260  \\ $b Project Gutenberg, $c 2010
=505  0\ $a The only hope -- The supreme need -- In the sacred name of liberty! -- The greatest of tyrannies -- The last deliverance -- The peril of the crowd -- Let us have peace -- The way of peace -- No room -- Dominion from sea to sea -- There were in the same country shepherds -- The fulness of the time -- Victory out of ruin.
=506  \\ $a Public domain in the USA.
=516  \\ $a Text
=653  \\ $a Christianity -- Great Britain
=653  \\ $a Great Britain -- Social conditions -- 20th century
=830  \0 $a Project Gutenberg $v 33637
=856  40 $u http://www.gutenberg.org/ebooks/33637

