=LDR  00772nas  2200217uu 4500
=000  00568cam\a22001693a\4500
=001  33638
=003  PGUSA
=005  20161217030021.0
=008  100905s2010||||xxu|||||s|||||000\|\eng\d
=040  \\ $a PGUSA $b eng
=042  \\ $a dc
=050  \4$aJK
=100  1\ $a North Carolina
=245  10 $a Constitution of the State of North Carolina and Copy of the Act of the General Assembly Entitled An Act to Amend the Constitution of the State of North Carolina $h [electronic resource] / $c North Carolina
=260  \\ $b Project Gutenberg, $c 2010
=506  \\ $a Public domain in the USA.
=516  \\ $a Text
=653  \\ $a Constitutions -- North Carolina
=830  \0 $a Project Gutenberg $v 33638
=856  40 $u http://www.gutenberg.org/ebooks/33638

