=LDR  00676nas  2200229uu 4500
=000  00568cam\a22001693a\4500
=001  33639
=003  PGUSA
=005  20161217030021.0
=008  100905s2010||||xxu|||||s|||||000\|\eng\d
=040  \\ $a PGUSA $b eng
=042  \\ $a dc
=050  \4$aQH
=050  \4$aQL
=100  1\ $a Kelson, Keith R., $d 1902-1986
=245  14 $a The Subspecific Status of Two Central American Sloths $h [electronic resource] / $c Keith R. Kelson
=260  \\ $b Project Gutenberg, $c 2010
=506  \\ $a Public domain in the USA.
=516  \\ $a Text
=653  \\ $a Sloths
=830  \0 $a Project Gutenberg $v 33639
=856  40 $u http://www.gutenberg.org/ebooks/33639

