=LDR  00793nas  2200241uu 4500
=000  00568cam\a22001693a\4500
=001  33640
=003  PGUSA
=005  20161217030021.0
=008  100905s2010||||xxu|||||s|||||000\|\dut\d
=040  \\ $a PGUSA $b dut
=042  \\ $a dc
=050  \4$aDH
=100  1\ $a Colenbrander, H. T. $q (Herman Theodoor), $d 1871-1945
=245  10 $a De Wedergeboorte van Nederland $h [electronic resource] / $c H. T. Colenbrander
=260  \\ $b Project Gutenberg, $c 2010
=506  \\ $a Public domain in the USA.
=516  \\ $a Text
=653  \\ $a Belgium -- History -- 1794-1814
=653  \\ $a Netherlands -- History -- 19th century
=653  \\ $a Belgium -- History -- 1814-1830
=830  \0 $a Project Gutenberg $v 33640
=856  40 $u http://www.gutenberg.org/ebooks/33640

