=LDR  00632nas  2200217uu 4500
=000  00568cam\a22001693a\4500
=001  33641
=003  PGUSA
=005  20161217030021.0
=008  100905s2010||||xxu|||||s|||||000\1\dut\d
=040  \\ $a PGUSA $b dut
=042  \\ $a dc
=050  \4$aPT
=100  1\ $a Betz, Gerardus Henri, $d 1850-1900
=245  10 $a Marathon $h [electronic resource] / $c Gerardus Henri Betz
=260  \\ $b Project Gutenberg, $c 2010
=506  \\ $a Public domain in the USA.
=516  \\ $a Text
=653  \\ $a Historical fiction
=830  \0 $a Project Gutenberg $v 33641
=856  40 $u http://www.gutenberg.org/ebooks/33641

