=LDR  00721nas  2200241uu 4500
=000  00568cam\a22001693a\4500
=001  33645
=003  PGUSA
=005  20161217030021.0
=008  101125s2010||||xxu|||||s|||||000\1\eng\d
=040  \\ $a PGUSA $b eng
=042  \\ $a dc
=050  \4$aPS
=100  1\ $a Stringer, Arthur, $d 1874-1950
=245  14 $a The Man Who Couldn't Sleep $h [electronic resource] / $c Arthur Stringer
=260  \\ $b Project Gutenberg, $c 2010
=506  \\ $a Public domain in the USA.
=516  \\ $a Text
=653  \\ $a Adventure stories
=653  \\ $a Crime -- Fiction
=653  \\ $a New York (N.Y.) -- Fiction
=830  \0 $a Project Gutenberg $v 33645
=856  40 $u http://www.gutenberg.org/ebooks/33645

