=LDR  00687nas  2200217uu 4500
=000  00568cam\a22001693a\4500
=001  33646
=003  PGUSA
=005  20161217030021.0
=008  100905s2010||||xxu|||||s|||||000\|\eng\d
=040  \\ $a PGUSA $b eng
=042  \\ $a dc
=050  \4$aAP
=100  1\ $a Ridpath, John Clark, $d 1840-1900
=245  14 $a The Arena : $b $b Volume 18, No. 93, August, 1897 $h [electronic resource] / $c John Clark Ridpath
=260  \\ $b Project Gutenberg, $c 2010
=506  \\ $a Public domain in the USA.
=516  \\ $a Text
=653  \\ $a American literature -- Periodicals
=830  \0 $a Project Gutenberg $v 33646
=856  40 $u http://www.gutenberg.org/ebooks/33646

