=LDR  00771nas  2200217uu 4500
=000  00568cam\a22001693a\4500
=001  33647
=003  PGUSA
=005  20161217030021.0
=008  100906s2010||||xxu|||||s|||||000\1\eng\d
=040  \\ $a PGUSA $b eng
=042  \\ $a dc
=050  \4$aPZ
=100  1\ $a Comfield, Amelia Stratton
=245  10 $a Alida; or, Miscellaneous Sketches of Incidents During the Late American War. : $b $b Founded on Fact $h [electronic resource] / $c Amelia Stratton Comfield
=260  \\ $b Project Gutenberg, $c 2010
=506  \\ $a Public domain in the USA.
=516  \\ $a Text
=653  \\ $a United States -- History -- Revolution, 1775-1783 -- Juvenile fiction
=830  \0 $a Project Gutenberg $v 33647
=856  40 $u http://www.gutenberg.org/ebooks/33647

