=LDR  00758nas  2200217uu 4500
=000  00568cam\a22001693a\4500
=001  33648
=003  PGUSA
=005  20161217030021.0
=008  100905s2010||||xxu|||||s|||||000\|\eng\d
=040  \\ $a PGUSA $b eng
=042  \\ $a dc
=050  \4$aQL
=100  1\ $a Dice, Lee R. $q (Lee Raymond), $d 1887-1977
=245  14 $a The Mammals of Warren Woods, Berrien County, Michigan : $b $b Occasional Paper of the Museum of Zoology, Number 86 $h [electronic resource] / $c Lee R. Dice
=260  \\ $b Project Gutenberg, $c 2010
=506  \\ $a Public domain in the USA.
=516  \\ $a Text
=653  \\ $a Mammals -- Michigan -- Berrien County
=830  \0 $a Project Gutenberg $v 33648
=856  40 $u http://www.gutenberg.org/ebooks/33648

