=LDR  00658nas  2200217uu 4500
=000  00568cam\a22001693a\4500
=001  33649
=003  PGUSA
=005  20161217030021.0
=008  100905s2010||||xxu|||||s|||||000\|\eng\d
=040  \\ $a PGUSA $b eng
=042  \\ $a dc
=050  \4$aBV
=245  10 $a Thoughts and Counsels of the Saints for Every Day of the Year $h [electronic resource]
=260  \\ $b Project Gutenberg, $c 2010
=506  \\ $a Public domain in the USA.
=516  \\ $a Text
=653  \\ $a Devotional calendars
=653  \\ $a Christian saints -- Quotations
=830  \0 $a Project Gutenberg $v 33649
=856  40 $u http://www.gutenberg.org/ebooks/33649

