=LDR  00897nas  2200253uu 4500
=000  00568cam\a22001693a\4500
=001  33650
=003  PGUSA
=005  20161217030021.0
=008  100905s2010||||xxu|||||s|||||000\|\eng\d
=040  \\ $a PGUSA $b eng
=042  \\ $a dc
=050  \4$aQH
=100  1\ $a Lutz, Frank Eugene, $d 1879-1943
=245  10 $a New West Indian Spiders : $b $b Bulletin of the AMNH, Vol. XXXIII, Art. XLI, pp. 639-642 $h [electronic resource] / $c Frank Eugene Lutz
=260  \\ $b Project Gutenberg, $c 2010
=506  \\ $a Public domain in the USA.
=516  \\ $a Text
=653  \\ $a Arachnida -- Cuba -- Classification
=653  \\ $a Spiders -- Puerto Rico -- Classification
=653  \\ $a Spiders -- Cuba -- Classification
=653  \\ $a Arachnida -- Puerto Rico -- Classification
=830  \0 $a Project Gutenberg $v 33650
=856  40 $u http://www.gutenberg.org/ebooks/33650

