=LDR  00653nas  2200217uu 4500
=000  00568cam\a22001693a\4500
=001  33651
=003  PGUSA
=005  20161217030021.0
=008  100906s2010||||xxu|||||s|||||000\1\eng\d
=040  \\ $a PGUSA $b eng
=042  \\ $a dc
=050  \4$aPR
=100  1\ $a Hornung, E. W. $q (Ernest William), $d 1866-1921
=245  14 $a The Shadow of a Man $h [electronic resource] / $c E. W. Hornung
=260  \\ $b Project Gutenberg, $c 2010
=506  \\ $a Public domain in the USA.
=516  \\ $a Text
=653  \\ $a Australia -- Fiction
=830  \0 $a Project Gutenberg $v 33651
=856  40 $u http://www.gutenberg.org/ebooks/33651

