=LDR  00769nas  2200241uu 4500
=000  00568cam\a22001693a\4500
=001  33653
=003  PGUSA
=005  20161217030021.0
=008  100906s2010||||xxu|||||s|||||000\|\eng\d
=040  \\ $a PGUSA $b eng
=042  \\ $a dc
=050  \4$aQH
=100  1\ $a Hall, E. Raymond $q (Eugene Raymond), $d 1902-1986
=245  12 $a A New Pocket Gopher (Genus Thomomys) From Wyoming and Colorado $h [electronic resource] / $c E. Raymond Hall
=260  \\ $b Project Gutenberg, $c 2010
=506  \\ $a Public domain in the USA.
=516  \\ $a Text
=653  \\ $a Pocket gophers
=653  \\ $a Mammals -- Colorado
=653  \\ $a Mammals -- Wyoming
=830  \0 $a Project Gutenberg $v 33653
=856  40 $u http://www.gutenberg.org/ebooks/33653

