=LDR  00762nas  2200253uu 4500
=000  00568cam\a22001693a\4500
=001  33654
=003  PGUSA
=005  20161217030021.0
=008  100906s2010||||xxu|||||s|||||000\|\eng\d
=040  \\ $a PGUSA $b eng
=042  \\ $a dc
=050  \4$aQK
=100  1\ $a Rohde, Eleanour Sinclair
=245  14 $a The Old English Herbals $h [electronic resource] / $c Eleanour Sinclair Rohde
=260  \\ $b Project Gutenberg, $c 2010
=506  \\ $a Public domain in the USA.
=516  \\ $a Text
=653  \\ $a Herbs -- Bibliography
=653  \\ $a Botany -- Great Britain -- History
=653  \\ $a Herbals
=653  \\ $a Botanical literature
=830  \0 $a Project Gutenberg $v 33654
=856  40 $u http://www.gutenberg.org/ebooks/33654

