=LDR  00780nas  2200253uu 4500
=000  00568cam\a22001693a\4500
=001  33657
=003  PGUSA
=005  20161217030021.0
=008  100906s2010||||xxu|||||s|||||000\1\eng\d
=040  \\ $a PGUSA $b eng
=042  \\ $a dc
=050  \4$aPS
=100  1\ $a Cooke, Marjorie Benton, $d 1876-1920
=245  10 $a Cinderella Jane $h [electronic resource] / $c Marjorie Benton Cooke
=260  \\ $b Project Gutenberg, $c 2010
=506  \\ $a Public domain in the USA.
=516  \\ $a Text
=653  \\ $a Married people -- Fiction
=653  \\ $a Women novelists -- Fiction
=653  \\ $a Marriage -- Fiction
=653  \\ $a Portrait painters -- Fiction
=830  \0 $a Project Gutenberg $v 33657
=856  40 $u http://www.gutenberg.org/ebooks/33657

