=LDR  00718nas  2200229uu 4500
=000  00568cam\a22001693a\4500
=001  33658
=003  PGUSA
=005  20161217030021.0
=008  100906s2010||||xxu|||||s|||||000\p\eng\d
=040  \\ $a PGUSA $b eng
=042  \\ $a dc
=050  \4$aPR
=100  1\ $a Warton, Thomas, $d 1728-1790
=245  12 $a A History of English Poetry : $b an Unpublished Continuation $h [electronic resource] / $c Thomas Warton
=260  \\ $b Project Gutenberg, $c 2010
=506  \\ $a Public domain in the USA.
=516  \\ $a Text
=653  \\ $a Sonnet
=653  \\ $a English poetry -- History and criticism
=830  \0 $a Project Gutenberg $v 33658
=856  40 $u http://www.gutenberg.org/ebooks/33658

