=LDR  00653nas  2200217uu 4500
=000  00568cam\a22001693a\4500
=001  33659
=003  PGUSA
=005  20161217030021.0
=008  100907s2010||||xxu|||||s|||||000\|\eng\d
=040  \\ $a PGUSA $b eng
=042  \\ $a dc
=050  \4$aQH
=100  1\ $a Jones, J. Knox, $d 1929-1992
=245  10 $a Mammals of Northwestern South Dakota $h [electronic resource] / $c J. Knox Jones
=260  \\ $b Project Gutenberg, $c 2010
=506  \\ $a Public domain in the USA.
=516  \\ $a Text
=653  \\ $a Mammals -- South Dakota
=830  \0 $a Project Gutenberg $v 33659
=856  40 $u http://www.gutenberg.org/ebooks/33659

