=LDR  00747nas  2200253uu 4500
=000  00568cam\a22001693a\4500
=001  33660
=003  PGUSA
=005  20161217030021.0
=008  100907s2010||||xxu|||||s|||||000\1\eng\d
=040  \\ $a PGUSA $b eng
=042  \\ $a dc
=050  \4$aPZ
=050  \4$aPS
=100  1\ $a Jones, Raymond F., $d 1915-1994
=245  14 $a The Year When Stardust Fell $h [electronic resource] / $c Raymond F. Jones
=260  \\ $b Project Gutenberg, $c 2010
=506  \\ $a Public domain in the USA.
=516  \\ $a Text
=653  \\ $a Science fiction
=653  \\ $a City and town life -- Fiction
=653  \\ $a Survival -- Fiction
=830  \0 $a Project Gutenberg $v 33660
=856  40 $u http://www.gutenberg.org/ebooks/33660

