=LDR  01105nas  2200253uu 4500
=000  00568cam\a22001693a\4500
=001  33661
=003  PGUSA
=005  20161217030021.0
=008  100907s2010||||xxu|||||s|||||000\|\eng\d
=040  \\ $a PGUSA $b eng
=042  \\ $a dc
=050  \4$aKD
=100  1\ $a Daniels, Thomas
=245  14 $a The Affecting Case of the Unfortunate Thomas Daniels : $b $b Who Was Tried at the Sessions Held at the Old Bailey, September, 1761, for the Supposed Murder of His Wife; by Casting Her out of a Chamber Window: and for Which He Was Sentenced to Die, but Received His Majesty's Most Gracious and Free Pardon. $h [electronic resource] / $c Thomas Daniels
=260  \\ $b Project Gutenberg, $c 2010
=506  \\ $a Public domain in the USA.
=516  \\ $a Text
=653  \\ $a Murder -- England -- Early works to 1800
=653  \\ $a Daniels, Sarah -- Trials, litigation, etc.
=653  \\ $a Trials (Murder) -- England -- London
=653  \\ $a Daniels, Thomas -- Trials, litigation, etc.
=830  \0 $a Project Gutenberg $v 33661
=856  40 $u http://www.gutenberg.org/ebooks/33661

