=LDR  00919nas  2200241uu 4500
=000  00568cam\a22001693a\4500
=001  33662
=003  PGUSA
=005  20161217030021.0
=008  100907s2010||||xxu|||||s|||||000\1\eng\d
=040  \\ $a PGUSA $b eng
=042  \\ $a dc
=050  \4$aPS
=100  1\ $a Ward, Herbert D. $q (Herbert Dickinson), $d 1861-1932
=245  12 $a A Republic Without a President, and other stories $h [electronic resource] / $c Herbert D. Ward
=260  \\ $b Project Gutenberg, $c 2010
=505  0\ $a A republic without a president -- The lost city -- A terrible evening -- Scud -- The romance of a mortgage -- Colonel Odminton: a sequel to "A republic without a president".
=506  \\ $a Public domain in the USA.
=516  \\ $a Text
=653  \\ $a Science fiction, American
=653  \\ $a Short stories
=830  \0 $a Project Gutenberg $v 33662
=856  40 $u http://www.gutenberg.org/ebooks/33662

