=LDR  00666nas  2200217uu 4500
=000  00568cam\a22001693a\4500
=001  33663
=003  PGUSA
=005  20161217030021.0
=008  100907s2010||||xxu|||||s|||||000\|\eng\d
=040  \\ $a PGUSA $b eng
=042  \\ $a dc
=050  \4$aQC
=100  1\ $a Silberstein, Ludwik, $d 1872-1948
=245  14 $a The Origin and Development of the Quantum Theory $h [electronic resource] / $c Ludwik Silberstein
=260  \\ $b Project Gutenberg, $c 2010
=506  \\ $a Public domain in the USA.
=516  \\ $a Text
=653  \\ $a Quantum theory
=830  \0 $a Project Gutenberg $v 33663
=856  40 $u http://www.gutenberg.org/ebooks/33663

