=LDR  00647nas  2200217uu 4500
=000  00568cam\a22001693a\4500
=001  33664
=003  PGUSA
=005  20161217030021.0
=008  100907s2010||||xxu|||||s|||||000\1\eng\d
=040  \\ $a PGUSA $b eng
=042  \\ $a dc
=050  \4$aPS
=100  1\ $a Fleming, May Agnes, $d 1840-1880
=245  10 $a Norine's Revenge, and, Sir Noel's Heir $h [electronic resource] / $c May Agnes Fleming
=260  \\ $b Project Gutenberg, $c 2010
=506  \\ $a Public domain in the USA.
=516  \\ $a Text
=653  \\ $a Fiction
=830  \0 $a Project Gutenberg $v 33664
=856  40 $u http://www.gutenberg.org/ebooks/33664

