=LDR  00839nas  2200253uu 4500
=000  00568cam\a22001693a\4500
=001  33665
=003  PGUSA
=005  20161217030021.0
=008  100907s2010||||xxu|||||s|||||000\1\eng\d
=040  \\ $a PGUSA $b eng
=042  \\ $a dc
=050  \4$aPS
=100  1\ $a Comer, Cornelia A. P. $q (Cornelia Atwood Pratt)
=245  14 $a The Preliminaries, and other stories $h [electronic resource] / $c Cornelia A. P. Comer
=260  \\ $b Project Gutenberg, $c 2010
=505  0\ $a The preliminaries -- The long inheritance -- Clarissa's own child.
=506  \\ $a Public domain in the USA.
=516  \\ $a Text
=653  \\ $a Marriage -- Fiction
=653  \\ $a Short stories
=653  \\ $a Mother and child -- Fiction
=830  \0 $a Project Gutenberg $v 33665
=856  40 $u http://www.gutenberg.org/ebooks/33665

