=LDR  00631nas  2200217uu 4500
=000  00568cam\a22001693a\4500
=001  33666
=003  PGUSA
=005  20161217030021.0
=008  100907s2010||||xxu|||||s|||||000\|\eng\d
=040  \\ $a PGUSA $b eng
=042  \\ $a dc
=050  \4$aPZ
=100  1\ $a Jacobs, W. L., $d 1853-1922
=245  12 $a A Captured Santa Claus $h [electronic resource] / $c W. L. Jacobs
=260  \\ $b Project Gutenberg, $c 2010
=506  \\ $a Public domain in the USA.
=516  \\ $a Text
=653  \\ $a Christmas stories
=830  \0 $a Project Gutenberg $v 33666
=856  40 $u http://www.gutenberg.org/ebooks/33666

