=LDR  00812nas  2200253uu 4500
=000  00568cam\a22001693a\4500
=001  33667
=003  PGUSA
=005  20161217030021.0
=008  100907s2010||||xxu|||||s|||||000\1\eng\d
=040  \\ $a PGUSA $b eng
=042  \\ $a dc
=050  \4$aPZ
=100  1\ $a Keep, Virginia Hynson, $d 1853-1922
=245  10 $a Two Prisoners $h [electronic resource] / $c Virginia Hynson Keep
=260  \\ $b Project Gutenberg, $c 2010
=506  \\ $a Public domain in the USA.
=516  \\ $a Text
=653  \\ $a Friendship -- Juvenile fiction
=653  \\ $a Children with disabilities -- Juvenile fiction
=653  \\ $a Girls -- Juvenile fiction
=653  \\ $a Poor children -- Juvenile fiction
=830  \0 $a Project Gutenberg $v 33667
=856  40 $u http://www.gutenberg.org/ebooks/33667

