=LDR  00972nas  2200229uu 4500
=000  00568cam\a22001693a\4500
=001  33668
=003  PGUSA
=005  20161217030021.0
=008  100907s2010||||xxu|||||s|||||000\e\eng\d
=040  \\ $a PGUSA $b eng
=042  \\ $a dc
=050  \4$aAC
=100  1\ $a Darwin, Francis, $c Sir, $d 1848-1925
=245  10 $a Springtime and Other Essays $h [electronic resource] / $c Francis, Darwin
=260  \\ $b Project Gutenberg, $c 2010
=505  0\ $a Springtime -- Some names of characters in fiction -- Thomas Hearne, 1678-1735 -- Recollections -- Old instruments of music -- The traditional names of English plants -- Sir Joseph Dalton Hooker -- A great hospital [St. Bartholomew's] -- Sir George Airy -- Sydney Smith -- Charles Dickens -- A procession of flowers.
=506  \\ $a Public domain in the USA.
=516  \\ $a Text
=653  \\ $a Essays
=830  \0 $a Project Gutenberg $v 33668
=856  40 $u http://www.gutenberg.org/ebooks/33668

