=LDR  00635nas  2200205uu 4500
=000  00568cam\a22001693a\4500
=001  33669
=003  PGUSA
=005  20161217030021.0
=008  100907s2010||||xxu|||||s|||||000\|\eng\d
=040  \\ $a PGUSA $b eng
=042  \\ $a dc
=050  \4$aAP
=245  10 $a Punch, or the London Charivari, Volume 93. August 6, 1887. $h [electronic resource] / $c Various
=260  \\ $b Project Gutenberg, $c 2010
=506  \\ $a Public domain in the USA.
=516  \\ $a Text
=653  \\ $a English wit and humor -- Periodicals
=830  \0 $a Project Gutenberg $v 33669
=856  40 $u http://www.gutenberg.org/ebooks/33669

