=LDR  00687nas  2200217uu 4500
=000  00568cam\a22001693a\4500
=001  33670
=003  PGUSA
=005  20161217030021.0
=008  100908s2010||||xxu|||||s|||||000\|\eng\d
=040  \\ $a PGUSA $b eng
=042  \\ $a dc
=050  \4$aPT
=100  1\ $a Goethe, Johann Wolfgang von, $d 1749-1832
=245  10 $a Maxims and Reflections $h [electronic resource] / $c Johann Wolfgang von Goethe
=260  \\ $b Project Gutenberg, $c 2010
=506  \\ $a Public domain in the USA.
=516  \\ $a Text
=653  \\ $a Epigrams, German -- Translations into English
=830  \0 $a Project Gutenberg $v 33670
=856  40 $u http://www.gutenberg.org/ebooks/33670

