=LDR  00924nas  2200253uu 4500
=000  00568cam\a22001693a\4500
=001  33671
=003  PGUSA
=005  20161217030021.0
=008  100908s2010||||xxu|||||s|||||000\|\eng\d
=040  \\ $a PGUSA $b eng
=042  \\ $a dc
=050  \4$aBX
=100  1\ $a Hammer, Bonaventure, $d 1842-1917
=245  10 $a Mary, the Help of Christians : $b $b Novenas in Preparation for the Principal Feasts of the Blessed Virgin $h [electronic resource] / $c Bonaventure Hammer
=260  \\ $b Project Gutenberg, $c 2010
=506  \\ $a Public domain in the USA.
=516  \\ $a Text
=653  \\ $a Mary, Blessed Virgin, Saint -- Prayers and devotions
=653  \\ $a Catholic Church -- Prayers and devotions
=653  \\ $a Christian saints -- Prayers and devotions
=653  \\ $a Christian saints -- Cult
=830  \0 $a Project Gutenberg $v 33671
=856  40 $u http://www.gutenberg.org/ebooks/33671

