=LDR  00764nas  2200229uu 4500
=000  00568cam\a22001693a\4500
=001  33672
=003  PGUSA
=005  20161217030021.0
=008  100908s2010||||xxu|||||s|||||000\|\eng\d
=040  \\ $a PGUSA $b eng
=042  \\ $a dc
=050  \4$aBX
=100  1\ $a Martineau, Harriet, $d 1802-1876
=245  14 $a The Essential Faith of the Universal Church; Deduced from the Sacred Records $h [electronic resource] / $c Harriet Martineau
=260  \\ $b Project Gutenberg, $c 2010
=506  \\ $a Public domain in the USA.
=516  \\ $a Text
=653  \\ $a Unitarian churches -- Doctrinal and controversial works
=653  \\ $a Unitarianism
=830  \0 $a Project Gutenberg $v 33672
=856  40 $u http://www.gutenberg.org/ebooks/33672

