=LDR  00678nas  2200217uu 4500
=000  00568cam\a22001693a\4500
=001  33673
=003  PGUSA
=005  20161217030021.0
=008  100908s2010||||xxu|||||s|||||000\|\eng\d
=040  \\ $a PGUSA $b eng
=042  \\ $a dc
=050  \4$aPZ
=100  1\ $a Ruskin, John, $d 1819-1900
=245  14 $a The King of the Golden River; or, the Black Brothers : $b A Legend of Stiria. $h [electronic resource] / $c John Ruskin
=260  \\ $b Project Gutenberg, $c 2010
=506  \\ $a Public domain in the USA.
=516  \\ $a Text
=653  \\ $a Fairy tales
=830  \0 $a Project Gutenberg $v 33673
=856  40 $u http://www.gutenberg.org/ebooks/33673

