=LDR  00676nas  2200229uu 4500
=000  00568cam\a22001693a\4500
=001  33674
=003  PGUSA
=005  20161217030021.0
=008  100908s2010||||xxu|||||s|||||000\p\eng\d
=040  \\ $a PGUSA $b eng
=042  \\ $a dc
=050  \4$aPS
=100  1\ $a Evans, Donald, $d 1884-1921
=245  10 $a Sonnets from the Patagonian $h [electronic resource] / $c Donald Evans
=260  \\ $b Project Gutenberg, $c 2010
=506  \\ $a Public domain in the USA.
=516  \\ $a Text
=653  \\ $a Sonnets
=653  \\ $a American poetry -- 20th century
=830  \0 $a Project Gutenberg $v 33674
=856  40 $u http://www.gutenberg.org/ebooks/33674

