=LDR  00594nas  2200205uu 4500
=000  00568cam\a22001693a\4500
=001  33676
=003  PGUSA
=005  20161217030021.0
=008  100909s2010||||xxu|||||s|||||000\|\eng\d
=040  \\ $a PGUSA $b eng
=042  \\ $a dc
=050  \4$aBV
=245  10 $a General Catholic Devotions $h [electronic resource]
=260  \\ $b Project Gutenberg, $c 2010
=506  \\ $a Public domain in the USA.
=516  \\ $a Text
=653  \\ $a Catholic Church -- Prayers and devotions
=830  \0 $a Project Gutenberg $v 33676
=856  40 $u http://www.gutenberg.org/ebooks/33676

