=LDR  00646nas  2200217uu 4500
=000  00568cam\a22001693a\4500
=001  33677
=003  PGUSA
=005  20161217030021.0
=008  100909s2010||||xxu|||||s|||||000\|\eng\d
=040  \\ $a PGUSA $b eng
=042  \\ $a dc
=050  \4$aBL
=100  1\ $a Royce, Josiah, $d 1855-1916
=245  14 $a The Sources of Religious Insight $h [electronic resource] / $c Josiah Royce
=260  \\ $b Project Gutenberg, $c 2010
=506  \\ $a Public domain in the USA.
=516  \\ $a Text
=653  \\ $a Religion -- Philosophy
=830  \0 $a Project Gutenberg $v 33677
=856  40 $u http://www.gutenberg.org/ebooks/33677

