=LDR  00780nas  2200241uu 4500
=000  00568cam\a22001693a\4500
=001  33678
=003  PGUSA
=005  20161217030021.0
=008  100909s2010||||xxu|||||s|||||000\|\eng\d
=040  \\ $a PGUSA $b eng
=042  \\ $a dc
=050  \4$aBX
=100  1\ $a Burke, John J. $q (John James), $d 1857-1945
=245  10 $a Reasonableness of Catholic Ceremonies and Practices $h [electronic resource] / $c John J. Burke
=260  \\ $b Project Gutenberg, $c 2010
=506  \\ $a Public domain in the USA.
=516  \\ $a Text
=653  \\ $a Sacramentals
=653  \\ $a Sacraments -- Catholic Church
=653  \\ $a Catholic Church -- Customs and practices
=830  \0 $a Project Gutenberg $v 33678
=856  40 $u http://www.gutenberg.org/ebooks/33678

