=LDR  00808nas  2200229uu 4500
=000  00568cam\a22001693a\4500
=001  33679
=003  PGUSA
=005  20161217030021.0
=008  100909s2010||||xxu|||||s|||||000\|\eng\d
=040  \\ $a PGUSA $b eng
=042  \\ $a dc
=050  \4$aSB
=100  1\ $a Beal, W. J. $q (William James), $d 1833-1924
=245  10 $a Seeds of Michigan Weeds : $b $b Bulletin 260, Michigan State Agricultural College Experiment Station, Division of Botany, March, 1910 $h [electronic resource] / $c W. J. Beal
=260  \\ $b Project Gutenberg, $c 2010
=506  \\ $a Public domain in the USA.
=516  \\ $a Text
=653  \\ $a Weeds -- Michigan -- Identification
=653  \\ $a Weeds -- Seeds
=830  \0 $a Project Gutenberg $v 33679
=856  40 $u http://www.gutenberg.org/ebooks/33679

