=LDR  00830nas  2200253uu 4500
=000  00568cam\a22001693a\4500
=001  33680
=003  PGUSA
=005  20161217030021.0
=008  100909s2010||||xxu|||||s|||||000\1\eng\d
=040  \\ $a PGUSA $b eng
=042  \\ $a dc
=050  \4$aPZ
=100  1\ $a Avery, Harold, $d 1867-1943
=245  10 $a Highway Pirates; or, The Secret Place at Coverthorne $h [electronic resource] / $c Harold Avery
=260  \\ $b Project Gutenberg, $c 2010
=506  \\ $a Public domain in the USA.
=516  \\ $a Text
=653  \\ $a Boys -- Juvenile fiction
=653  \\ $a Friendship -- Juvenile fiction
=653  \\ $a Smugglers -- Juvenile fiction
=653  \\ $a Inheritance and succession -- Juvenile fiction
=830  \0 $a Project Gutenberg $v 33680
=856  40 $u http://www.gutenberg.org/ebooks/33680

