=LDR  01333nas  2200217uu 4500
=000  00568cam\a22001693a\4500
=001  33681
=003  PGUSA
=005  20161217030021.0
=008  100909s2010||||xxu|||||s|||||000\p\eng\d
=040  \\ $a PGUSA $b eng
=042  \\ $a dc
=050  \4$aPR
=245  10 $a Poems of the Great War : $b $b Published on the Behalf of the Prince of Wales's National Relief Fund $h [electronic resource] / $c Various
=260  \\ $b Project Gutenberg, $c 2010
=505  0\ $a "Wake up, England" / Robert Bridges -- The vigil / Henry Newbolt -- The the troubler of the world / William Watson -- The England: to strike quickly / Maurice Hewlett -- The fourth of August / Laurence Binyon -- The united front / Alfred Noyes -- England to the sea / R.E. Vernède -- The hour / J.B. Fagan -- The wife of Flanders / G.K. Chesterton -- The stars in their courses / John Freeman -- Commandeered / L.G. Moberly -- The man who keeps his head / Harold Begbie -- France / Cecil Chesterton -- We willed it not / John Drinkwater -- Pro patria / Owen Seaman -- Hymn before action / Rudyard Kipling -- Hymn in war time / Robert Bridges.
=506  \\ $a Public domain in the USA.
=516  \\ $a Text
=653  \\ $a World War, 1914-1918 -- Poetry
=830  \0 $a Project Gutenberg $v 33681
=856  40 $u http://www.gutenberg.org/ebooks/33681

