=LDR  00729nas  2200241uu 4500
=000  00568cam\a22001693a\4500
=001  33682
=003  PGUSA
=005  20161217030021.0
=008  100909s2010||||xxu|||||s|||||000\|\eng\d
=040  \\ $a PGUSA $b eng
=042  \\ $a dc
=050  \4$aNC
=100  1\ $a Paston, George, $d 1860-1936
=245  10 $a Old Coloured Books $h [electronic resource] / $c George Paston
=260  \\ $b Project Gutenberg, $c 2010
=506  \\ $a Public domain in the USA.
=516  \\ $a Text
=653  \\ $a Illustration of books -- Great Britain
=653  \\ $a Color prints
=653  \\ $a Illustrators -- Great Britain
=830  \0 $a Project Gutenberg $v 33682
=856  40 $u http://www.gutenberg.org/ebooks/33682

