=LDR  00645nas  2200217uu 4500
=000  00568cam\a22001693a\4500
=001  33683
=003  PGUSA
=005  20161217030021.0
=008  100909s2010||||xxu|||||s|||||000\1\eng\d
=040  \\ $a PGUSA $b eng
=042  \\ $a dc
=050  \4$aPT
=100  1\ $a Bjørnson, Bjørnstjerne, $d 1832-1910
=245  10 $a Magnhild; Dust $h [electronic resource] / $c Bjørnstjerne Bjørnson
=260  \\ $b Project Gutenberg, $c 2010
=506  \\ $a Public domain in the USA.
=516  \\ $a Text
=653  \\ $a Norway -- Fiction
=830  \0 $a Project Gutenberg $v 33683
=856  40 $u http://www.gutenberg.org/ebooks/33683

