=LDR  00802nas  2200241uu 4500
=000  00568cam\a22001693a\4500
=001  33684
=003  PGUSA
=005  20161217030021.0
=008  100909s2010||||xxu|||||s|||||000\|\eng\d
=040  \\ $a PGUSA $b eng
=042  \\ $a dc
=050  \4$aF350.5
=100  1\ $a Carter, Robert Goldthwaite, $d 1845-1936
=245  10 $a On the Trail of Deserters; A Phenomenal Capture $h [electronic resource] / $c Robert Goldthwaite Carter
=260  \\ $b Project Gutenberg, $c 2010
=506  \\ $a Public domain in the USA.
=516  \\ $a Text
=653  \\ $a Desertion, Military -- Texas
=653  \\ $a United States. Army. Cavalry, 4th
=653  \\ $a Frontier and pioneer life -- Texas
=830  \0 $a Project Gutenberg $v 33684
=856  40 $u http://www.gutenberg.org/ebooks/33684

