=LDR  00658nas  2200217uu 4500
=000  00568cam\a22001693a\4500
=001  33686
=003  PGUSA
=005  20161217030021.0
=008  100909s2010||||xxu|||||s|||||000\p\eng\d
=040  \\ $a PGUSA $b eng
=042  \\ $a dc
=050  \4$aPS
=100  1\ $a Cawein, Madison Julius, $d 1865-1914
=245  10 $a Accolon of Gaul, with Other Poems $h [electronic resource] / $c Madison Julius Cawein
=260  \\ $b Project Gutenberg, $c 2010
=506  \\ $a Public domain in the USA.
=516  \\ $a Text
=653  \\ $a American poetry
=830  \0 $a Project Gutenberg $v 33686
=856  40 $u http://www.gutenberg.org/ebooks/33686

