=LDR  00723nas  2200229uu 4500
=000  00568cam\a22001693a\4500
=001  33687
=003  PGUSA
=005  20161217030021.0
=008  100909s2010||||xxu|||||s|||||000\|\eng\d
=040  \\ $a PGUSA $b eng
=042  \\ $a dc
=050  \4$aQL
=100  1\ $a Goodrich, Samuel G. $q (Samuel Griswold), $d 1793-1860
=245  10 $a Illustrative Anecdotes of the Animal Kingdom $h [electronic resource] / $c Samuel G. Goodrich
=260  \\ $b Project Gutenberg, $c 2010
=506  \\ $a Public domain in the USA.
=516  \\ $a Text
=653  \\ $a Animals -- Anecdotes
=653  \\ $a Animal behavior
=830  \0 $a Project Gutenberg $v 33687
=856  40 $u http://www.gutenberg.org/ebooks/33687

