=LDR  00817nas  2200277uu 4500
=000  00568cam\a22001693a\4500
=001  33688
=003  PGUSA
=005  20161217030021.0
=008  100909s2010||||xxu|||||s|||||000\1\eng\d
=040  \\ $a PGUSA $b eng
=042  \\ $a dc
=050  \4$aPR
=100  1\ $a Halidom, M. Y., $d 1838-1914
=245  10 $a Tales of the Wonder Club, Volume I $h [electronic resource] / $c M. Y. Halidom
=260  \\ $b Project Gutenberg, $c 2010
=506  \\ $a Public domain in the USA.
=516  \\ $a Text
=653  \\ $a Storytelling -- Fiction
=653  \\ $a Horror tales
=653  \\ $a Paranormal fiction
=653  \\ $a Ghost stories
=653  \\ $a Short stories
=653  \\ $a Fantasy fiction
=830  \0 $a Project Gutenberg $v 33688
=856  40 $u http://www.gutenberg.org/ebooks/33688

