=LDR  00651nas  2200205uu 4500
=000  00568cam\a22001693a\4500
=001  33689
=003  PGUSA
=005  20161217030021.0
=008  100910s2010||||xxu|||||s|||||000\|\eng\d
=040  \\ $a PGUSA $b eng
=042  \\ $a dc
=050  \4$aPR
=245  10 $a Oscar Wilde, Art and Morality : $b A Defence of "The Picture of Dorian Gray" $h [electronic resource]
=260  \\ $b Project Gutenberg, $c 2010
=506  \\ $a Public domain in the USA.
=516  \\ $a Text
=653  \\ $a Wilde, Oscar, 1854-1900. Picture of Dorian Gray
=830  \0 $a Project Gutenberg $v 33689
=856  40 $u http://www.gutenberg.org/ebooks/33689

