=LDR  00702nas  2200217uu 4500
=000  00568cam\a22001693a\4500
=001  33690
=003  PGUSA
=005  20161217030021.0
=008  100910s2010||||xxu|||||s|||||000\|\spa\d
=040  \\ $a PGUSA $b spa
=042  \\ $a dc
=050  \4$aPQ
=100  1\ $a Mier, Eduardo de, $d 1829-1894
=245  10 $a Historia de la literatura y del arte dramático en España, tomo I $h [electronic resource] / $c Eduardo de Mier
=260  \\ $b Project Gutenberg, $c 2010
=506  \\ $a Public domain in the USA.
=516  \\ $a Text
=653  \\ $a Spanish drama -- History and criticism
=830  \0 $a Project Gutenberg $v 33690
=856  40 $u http://www.gutenberg.org/ebooks/33690

