=LDR  00789nas  2200229uu 4500
=000  00568cam\a22001693a\4500
=001  33691
=003  PGUSA
=005  20161217030021.0
=008  100910s2010||||xxu|||||s|||||000\p\eng\d
=040  \\ $a PGUSA $b eng
=042  \\ $a dc
=050  \4$aPZ
=100  1\ $a Gaylord, Ilsien Nathalie
=245  10 $a Sandman Time $h [electronic resource] / $c Ilsien Nathalie Gaylord
=260  \\ $b Project Gutenberg, $c 2010
=505  0\ $a Flower babies -- The little sand-men -- Star babies -- The fairies' ball -- The little sleepy song -- Little sunset ship of dreams.
=506  \\ $a Public domain in the USA.
=516  \\ $a Text
=653  \\ $a Children's poetry, American
=830  \0 $a Project Gutenberg $v 33691
=856  40 $u http://www.gutenberg.org/ebooks/33691

