=LDR  00658nas  2200217uu 4500
=000  00568cam\a22001693a\4500
=001  33692
=003  PGUSA
=005  20161217030021.0
=008  100910s2010||||xxu|||||s|||||000\|\fre\d
=040  \\ $a PGUSA $b fre
=042  \\ $a dc
=050  \4$aDC
=100  1\ $a France, Anatole, $d 1844-1924
=245  10 $a Vie de Jeanne d'Arc. Vol. 1 de 2 $h [electronic resource] / $c Anatole France
=260  \\ $b Project Gutenberg, $c 2010
=506  \\ $a Public domain in the USA.
=516  \\ $a Text
=653  \\ $a Joan, of Arc, Saint, 1412-1431
=830  \0 $a Project Gutenberg $v 33692
=856  40 $u http://www.gutenberg.org/ebooks/33692

