=LDR  00882nas  2200229uu 4500
=000  00568cam\a22001693a\4500
=001  33694
=003  PGUSA
=005  20161217030021.0
=008  100910s2010||||xxu|||||s|||||000\1\eng\d
=040  \\ $a PGUSA $b eng
=042  \\ $a dc
=050  \4$aPR
=245  10 $a Tales from "Blackwood," Volume 3 $h [electronic resource] / $c Various
=260  \\ $b Project Gutenberg, $c 2010
=505  0\ $a A reading party in the long vacation -- Father Tom and the Pope; or, a night at the Vatican -- La petite Madelaine / Mrs. Southey -- Bob Burke's duel with Ensign Brady / William Maginn -- The headsman: a tale of doom -- The wearyful woman / John Galt.
=506  \\ $a Public domain in the USA.
=516  \\ $a Text
=653  \\ $a Fiction
=653  \\ $a Short stories
=830  \0 $a Project Gutenberg $v 33694
=856  40 $u http://www.gutenberg.org/ebooks/33694

