=LDR  00831nas  2200241uu 4500
=000  00568cam\a22001693a\4500
=001  33696
=003  PGUSA
=005  20161217030021.0
=008  100910s2010||||xxu|||||s|||||000\|\eng\d
=040  \\ $a PGUSA $b eng
=042  \\ $a dc
=050  \4$aE300
=100  1\ $a Holcombe, William H. $q (William Henry), $d 1825-1893
=245  14 $a The Alternative : $b A Separate Nationality; or, The Africanization of the South $h [electronic resource] / $c William H. Holcombe
=260  \\ $b Project Gutenberg, $c 2010
=506  \\ $a Public domain in the USA.
=516  \\ $a Text
=653  \\ $a Slavery -- United States
=653  \\ $a Secession
=653  \\ $a United States -- Politics and government -- 1857-1861
=830  \0 $a Project Gutenberg $v 33696
=856  40 $u http://www.gutenberg.org/ebooks/33696

