=LDR  00745nas  2200241uu 4500
=000  00568cam\a22001693a\4500
=001  33697
=003  PGUSA
=005  20161217030021.0
=008  100910s2010||||xxu|||||s|||||000\1\eng\d
=040  \\ $a PGUSA $b eng
=042  \\ $a dc
=050  \4$aPT
=100  1\ $a Heyse, Paul, $d 1830-1914
=240  10 $a Kinder der welt. $l English
=245  14 $a The Children of the World $h [electronic resource] / $c Paul Heyse
=260  \\ $b Project Gutenberg, $c 2010
=506  \\ $a Public domain in the USA.
=516  \\ $a Text
=653  \\ $a German fiction -- Translations into English
=740  0\ $a Kinder der welt. English
=830  \0 $a Project Gutenberg $v 33697
=856  40 $u http://www.gutenberg.org/ebooks/33697

