=LDR  00735nas  2200229uu 4500
=000  00568cam\a22001693a\4500
=001  33700
=003  PGUSA
=005  20161217030021.0
=008  100910s2010||||xxu|||||s|||||000\|\eng\d
=040  \\ $a PGUSA $b eng
=042  \\ $a dc
=050  \4$aHQ
=100  1\ $a Eckhardt, Carl Conrad, $d 1878-1930
=245  14 $a The Modern Woman's Rights Movement : $b A Historical Survey $h [electronic resource] / $c Carl Conrad Eckhardt
=260  \\ $b Project Gutenberg, $c 2010
=506  \\ $a Public domain in the USA.
=516  \\ $a Text
=653  \\ $a Women's rights
=653  \\ $a Women -- Social and moral questions
=830  \0 $a Project Gutenberg $v 33700
=856  40 $u http://www.gutenberg.org/ebooks/33700

