=LDR  00734nas  2200253uu 4500
=000  00568cam\a22001693a\4500
=001  33701
=003  PGUSA
=005  20161217030021.0
=008  100910s2010||||xxu|||||s|||||000\|\eng\d
=040  \\ $a PGUSA $b eng
=042  \\ $a dc
=050  \4$aBX
=100  1\ $a Valuy, Benôit, $d 1808-1869
=245  10 $a Fraternal Charity $h [electronic resource] / $c Benôit Valuy
=260  \\ $b Project Gutenberg, $c 2010
=506  \\ $a Public domain in the USA.
=516  \\ $a Text
=653  \\ $a Charity
=653  \\ $a Spiritual life -- Catholic Church
=653  \\ $a Meditations
=653  \\ $a Conduct of life
=830  \0 $a Project Gutenberg $v 33701
=856  40 $u http://www.gutenberg.org/ebooks/33701

