=LDR  00861nas  2200265uu 4500
=000  00568cam\a22001693a\4500
=001  33702
=003  PGUSA
=005  20161217030021.0
=008  100910s2010||||xxu|||||s|||||000\|\eng\d
=040  \\ $a PGUSA $b eng
=042  \\ $a dc
=050  \4$aPZ
=100  1\ $a Pyle, Howard, $d 1853-1911
=245  14 $a The Story of Sir Launcelot and His Companions $h [electronic resource] / $c Howard Pyle
=260  \\ $b Project Gutenberg, $c 2010
=506  \\ $a Public domain in the USA.
=516  \\ $a Text
=653  \\ $a Folklore -- England
=653  \\ $a Lancelot (Legendary character) -- Legends
=653  \\ $a Knights and knighthood -- Folklore
=653  \\ $a Arthur, King -- Legends
=653  \\ $a Arthurian romances -- Adaptations
=830  \0 $a Project Gutenberg $v 33702
=856  40 $u http://www.gutenberg.org/ebooks/33702

