=LDR  00895nas  2200265uu 4500
=000  00568cam\a22001693a\4500
=001  33703
=003  PGUSA
=005  20161217030021.0
=008  100911s2010||||xxu|||||s|||||000\|\eng\d
=040  \\ $a PGUSA $b eng
=042  \\ $a dc
=050  \4$aE011
=100  1\ $a Post, Albert S., $d 1858-1935
=245  10 $a Olof Krarer, the Esquimaux Lady : $b A Story of Her Native Home $h [electronic resource] / $c Albert S. Post
=260  \\ $b Project Gutenberg, $c 2010
=506  \\ $a Public domain in the USA.
=516  \\ $a Text
=653  \\ $a Krarer, Olof, 1858-1935
=653  \\ $a Icelanders -- United States -- Biography
=653  \\ $a Eskimos -- Biography
=653  \\ $a Dwarfs -- United States -- Biography
=653  \\ $a Lecturers -- United States -- Biography
=830  \0 $a Project Gutenberg $v 33703
=856  40 $u http://www.gutenberg.org/ebooks/33703

