=LDR  00760nas  2200241uu 4500
=000  00568cam\a22001693a\4500
=001  33706
=003  PGUSA
=005  20161217030021.0
=008  100912s2010||||xxu|||||s|||||000\|\eng\d
=040  \\ $a PGUSA $b eng
=042  \\ $a dc
=050  \4$aHE
=100  1\ $a Hulbert, Archer Butler, $d 1873-1933
=245  14 $a The Future of Road-making in America $h [electronic resource] / $c Archer Butler Hulbert
=260  \\ $b Project Gutenberg, $c 2010
=506  \\ $a Public domain in the USA.
=516  \\ $a Text
=653  \\ $a Roads
=653  \\ $a Roads -- United States -- Design and construction
=653  \\ $a Roads -- United States
=830  \0 $a Project Gutenberg $v 33706
=856  40 $u http://www.gutenberg.org/ebooks/33706

