=LDR  00659nas  2200229uu 4500
=000  00568cam\a22001693a\4500
=001  33707
=003  PGUSA
=005  20161217030021.0
=008  100912s2010||||xxu|||||s|||||000\1\eng\d
=040  \\ $a PGUSA $b eng
=042  \\ $a dc
=050  \4$aPJ
=245  10 $a Yiddish Tales $h [electronic resource]
=260  \\ $b Project Gutenberg, $c 2010
=506  \\ $a Public domain in the USA.
=516  \\ $a Text
=653  \\ $a Jews -- Fiction
=653  \\ $a Jewish fiction
=653  \\ $a Short stories, Yiddish -- Translations into English
=830  \0 $a Project Gutenberg $v 33707
=856  40 $u http://www.gutenberg.org/ebooks/33707

