=LDR  00672nas  2200217uu 4500
=000  00568cam\a22001693a\4500
=001  33708
=003  PGUSA
=005  20161217030021.0
=008  100912s2010||||xxu|||||s|||||000\|\eng\d
=040  \\ $a PGUSA $b eng
=042  \\ $a dc
=050  \4$aBX
=245  14 $a The Irish Ecclesiastical Record, Volume 1, August 1865 $h [electronic resource]
=260  \\ $b Project Gutenberg, $c 2010
=506  \\ $a Public domain in the USA.
=516  \\ $a Text
=653  \\ $a Catholic Church -- Ireland -- Periodicals
=653  \\ $a Catholic Church -- Periodicals
=830  \0 $a Project Gutenberg $v 33708
=856  40 $u http://www.gutenberg.org/ebooks/33708

