=LDR  00673nas  2200229uu 4500
=000  00568cam\a22001693a\4500
=001  33709
=003  PGUSA
=005  20161217030021.0
=008  100912s2010||||xxu|||||s|||||000\1\gre\d
=040  \\ $a PGUSA $b gre
=042  \\ $a dc
=050  \4$aPA
=100  1\ $a Vikelas, Demetrios, $d 1835-1908
=245  10 $a Διηγήματα $h [electronic resource] / $c Demetrios Vikelas
=260  \\ $b Project Gutenberg, $c 2010
=506  \\ $a Public domain in the USA.
=516  \\ $a Text
=653  \\ $a Short stories
=653  \\ $a Greek fiction, Modern
=830  \0 $a Project Gutenberg $v 33709
=856  40 $u http://www.gutenberg.org/ebooks/33709

