=LDR  00776nas  2200229uu 4500
=000  00568cam\a22001693a\4500
=001  33710
=003  PGUSA
=005  20161217030021.0
=008  100912s2010||||xxu|||||s|||||000\|\eng\d
=040  \\ $a PGUSA $b eng
=042  \\ $a dc
=050  \4$aQL
=050  \4$aQH
=100  1\ $a Hall, E. Raymond $q (Eugene Raymond), $d 1902-1986
=245  10 $a Comments on the Taxonomy and Geographic Distribution of Some North American Marsupials, Insectivores and Carnivores $h [electronic resource] / $c E. Raymond Hall
=260  \\ $b Project Gutenberg, $c 2010
=506  \\ $a Public domain in the USA.
=516  \\ $a Text
=653  \\ $a Mammals -- North America
=830  \0 $a Project Gutenberg $v 33710
=856  40 $u http://www.gutenberg.org/ebooks/33710

