=LDR  00836nas  2200241uu 4500
=000  00568cam\a22001693a\4500
=001  33712
=003  PGUSA
=005  20161217030021.0
=008  100912s2010||||xxu|||||s|||||000\|\eng\d
=040  \\ $a PGUSA $b eng
=042  \\ $a dc
=050  \4$aDS
=100  1\ $a Boulger, Demetrius Charles, $d 1853-1928
=245  14 $a The Life of Yakoob Beg; Athalik Ghazi, and Badaulet; Ameer of Kashgar $h [electronic resource] / $c Demetrius Charles Boulger
=260  \\ $b Project Gutenberg, $c 2010
=506  \\ $a Public domain in the USA.
=516  \\ $a Text
=653  \\ $a Eastern question (Central Asia)
=653  \\ $a Yâkúb Beg, khan of Kashgar, 1820-1877
=653  \\ $a Xinjiang Uygur Zizhiqu (China) -- History
=830  \0 $a Project Gutenberg $v 33712
=856  40 $u http://www.gutenberg.org/ebooks/33712

