=LDR  00670nas  2200217uu 4500
=000  00568cam\a22001693a\4500
=001  33713
=003  PGUSA
=005  20161217030021.0
=008  100912s2010||||xxu|||||s|||||000\|\eng\d
=040  \\ $a PGUSA $b eng
=042  \\ $a dc
=050  \4$aF001
=245  10 $a Alice Cogswell Bemis : $b A Sketch by a Friend $h [electronic resource] / $c Anonymous
=260  \\ $b Project Gutenberg, $c 2010
=506  \\ $a Public domain in the USA.
=516  \\ $a Text
=653  \\ $a Bemis, Alice Cogswell, 1845-1917
=653  \\ $a Ipswich (Mass.) -- Biography
=830  \0 $a Project Gutenberg $v 33713
=856  40 $u http://www.gutenberg.org/ebooks/33713

