=LDR  00658nas  2200217uu 4500
=000  00568cam\a22001693a\4500
=001  33715
=003  PGUSA
=005  20161217030021.0
=008  100912s2010||||xxu|||||s|||||000\1\eng\d
=040  \\ $a PGUSA $b eng
=042  \\ $a dc
=050  \4$aPS
=100  1\ $a Harben, Will N. $q (Will Nathaniel), $d 1858-1919
=245  14 $a The Cottage of Delight : $b A Novel $h [electronic resource] / $c Will N. Harben
=260  \\ $b Project Gutenberg, $c 2010
=506  \\ $a Public domain in the USA.
=516  \\ $a Text
=653  \\ $a Fiction
=830  \0 $a Project Gutenberg $v 33715
=856  40 $u http://www.gutenberg.org/ebooks/33715

