=LDR  00659nas  2200205uu 4500
=000  00568cam\a22001693a\4500
=001  33716
=003  PGUSA
=005  20161217030021.0
=008  100913s2010||||xxu|||||s|||||000\|\eng\d
=040  \\ $a PGUSA $b eng
=042  \\ $a dc
=050  \4$aBJ
=245  10 $a Manners and Rules of Good Society; Or, Solecisms to be Avoided $h [electronic resource] / $c Anonymous
=260  \\ $b Project Gutenberg, $c 2010
=506  \\ $a Public domain in the USA.
=516  \\ $a Text
=653  \\ $a Etiquette -- Great Britain -- Handbooks, manuals, etc.
=830  \0 $a Project Gutenberg $v 33716
=856  40 $u http://www.gutenberg.org/ebooks/33716

