=LDR  00940nas  2200241uu 4500
=000  00568cam\a22001693a\4500
=001  33718
=003  PGUSA
=005  20161217030021.0
=008  100913s2010||||xxu|||||s|||||000\|\eng\d
=040  \\ $a PGUSA $b eng
=042  \\ $a dc
=050  \4$aE456
=100  1\ $a Tillinghast, Pardon Elisha, $d 1836-1905
=245  10 $a Reminiscences of service with the Twelfth Rhode Island Volunteers, and a memorial of Col. George H. Browne $h [electronic resource] / $c Pardon Elisha Tillinghast
=260  \\ $b Project Gutenberg, $c 2010
=506  \\ $a Public domain in the USA.
=516  \\ $a Text
=653  \\ $a United States -- History -- Civil War, 1861-1865 -- Personal narratives
=653  \\ $a Browne, George Huntington, 1818-1885
=653  \\ $a United States. Army. Rhode Island Infantry Regiment, 12th (1862-1863)
=830  \0 $a Project Gutenberg $v 33718
=856  40 $u http://www.gutenberg.org/ebooks/33718

