=LDR  00769nas  2200253uu 4500
=000  00568cam\a22001693a\4500
=001  33719
=003  PGUSA
=005  20161217030021.0
=008  100913s2010||||xxu|||||s|||||000\|\dut\d
=040  \\ $a PGUSA $b dut
=042  \\ $a dc
=050  \4$aDK
=100  1\ $a Michelet, Jules, $d 1798-1874
=240  10 $a Martyrs de la Russie. $l Dutch
=245  10 $a Martelaren van Rusland $h [electronic resource] / $c Jules Michelet
=260  \\ $b Project Gutenberg, $c 2010
=506  \\ $a Public domain in the USA.
=516  \\ $a Text
=653  \\ $a Martyrs
=653  \\ $a Russia -- History -- 1801-1917
=740  0\ $a Martyrs de la Russie. Dutch
=830  \0 $a Project Gutenberg $v 33719
=856  40 $u http://www.gutenberg.org/ebooks/33719

