=LDR  00716nas  2200217uu 4500
=000  00568cam\a22001693a\4500
=001  33720
=003  PGUSA
=005  20161217030021.0
=008  100913s2010||||xxu|||||s|||||000\1\dut\d
=040  \\ $a PGUSA $b dut
=042  \\ $a dc
=050  \4$aPZ
=100  1\ $a Braakensiek, Joh. $q (Johan Coenraad), $d 1858-1940
=245  10 $a De Kennemer Vrijbuiter $h [electronic resource] / $c Joh. Braakensiek
=260  \\ $b Project Gutenberg, $c 2010
=506  \\ $a Public domain in the USA.
=516  \\ $a Text
=653  \\ $a Netherlands -- History -- Eighty Years' War, 1568-1648 -- Juvenile fiction
=830  \0 $a Project Gutenberg $v 33720
=856  40 $u http://www.gutenberg.org/ebooks/33720

