=LDR  00703nas  2200229uu 4500
=000  00568cam\a22001693a\4500
=001  33721
=003  PGUSA
=005  20161217030021.0
=008  100914s2010||||xxu|||||s|||||000\|\eng\d
=040  \\ $a PGUSA $b eng
=042  \\ $a dc
=050  \4$aQL
=100  1\ $a Harper, Francis, $d 1886-1972
=245  14 $a The Barren Ground Caribou of Keewatin $h [electronic resource] / $c Francis Harper
=260  \\ $b Project Gutenberg, $c 2010
=506  \\ $a Public domain in the USA.
=516  \\ $a Text
=653  \\ $a Caribou -- Nunavut -- Keewatin
=653  \\ $a Barren ground caribou
=830  \0 $a Project Gutenberg $v 33721
=856  40 $u http://www.gutenberg.org/ebooks/33721

