=LDR  00679nas  2200229uu 4500
=000  00568cam\a22001693a\4500
=001  33722
=003  PGUSA
=005  20161217030021.0
=008  100914s2010||||xxu|||||s|||||000\1\eng\d
=040  \\ $a PGUSA $b eng
=042  \\ $a dc
=050  \4$aPZ
=100  1\ $a Rainey, W. $q (William), $d 1852-1936
=245  10 $a Donalblane of Darien $h [electronic resource] / $c W. Rainey
=260  \\ $b Project Gutenberg, $c 2010
=506  \\ $a Public domain in the USA.
=516  \\ $a Text
=653  \\ $a Boys -- Juvenile fiction
=653  \\ $a Adventure stories
=830  \0 $a Project Gutenberg $v 33722
=856  40 $u http://www.gutenberg.org/ebooks/33722

