=LDR  00684nas  2200217uu 4500
=000  00568cam\a22001693a\4500
=001  33723
=003  PGUSA
=005  20161217030021.0
=008  100914s2010||||xxu|||||s|||||000\|\eng\d
=040  \\ $a PGUSA $b eng
=042  \\ $a dc
=050  \4$aNC
=100  1\ $a Kitton, Frederic George, $d 1856-1904
=245  10 $a "Phiz" (Hablot Knight Browne), a Memoir. $h [electronic resource] / $c Frederic George Kitton
=260  \\ $b Project Gutenberg, $c 2010
=506  \\ $a Public domain in the USA.
=516  \\ $a Text
=653  \\ $a Browne, Hablot Knight, 1815-1882
=830  \0 $a Project Gutenberg $v 33723
=856  40 $u http://www.gutenberg.org/ebooks/33723

