=LDR  00715nas  2200217uu 4500
=000  00568cam\a22001693a\4500
=001  33724
=003  PGUSA
=005  20161217030021.0
=008  100914s2010||||xxu|||||s|||||000\|\eng\d
=040  \\ $a PGUSA $b eng
=042  \\ $a dc
=050  \4$aDA
=100  1\ $a Madders, Susan Swain
=245  10 $a Rambles in an Old City : $b $b comprising antiquarian, historical, biographical and political associations $h [electronic resource] / $c Susan Swain Madders
=260  \\ $b Project Gutenberg, $c 2010
=506  \\ $a Public domain in the USA.
=516  \\ $a Text
=653  \\ $a Norwich (England)
=830  \0 $a Project Gutenberg $v 33724
=856  40 $u http://www.gutenberg.org/ebooks/33724

