=LDR  00835nas  2200265uu 4500
=000  00568cam\a22001693a\4500
=001  33725
=003  PGUSA
=005  20161217030021.0
=008  100914s2010||||xxu|||||s|||||000\1\eng\d
=040  \\ $a PGUSA $b eng
=042  \\ $a dc
=050  \4$aPZ
=100  1\ $a Chaffee, Allen, $d 1871-1950
=245  10 $a Unexplored! $h [electronic resource] / $c Allen Chaffee
=260  \\ $b Project Gutenberg, $c 2010
=506  \\ $a Public domain in the USA.
=516  \\ $a Text
=653  \\ $a Camping -- Juvenile fiction
=653  \\ $a Adventure stories
=653  \\ $a Sierra Nevada (Calif. and Nev.) -- Juvenile fiction
=653  \\ $a Geology -- Juvenile fiction
=653  \\ $a Forest fires -- Juvenile fiction
=830  \0 $a Project Gutenberg $v 33725
=856  40 $u http://www.gutenberg.org/ebooks/33725

