=LDR  00652nas  2200217uu 4500
=000  00568cam\a22001693a\4500
=001  33726
=003  PGUSA
=005  20161217030021.0
=008  100914s2010||||xxu|||||s|||||000\|\ger\d
=040  \\ $a PGUSA $b ger
=042  \\ $a dc
=050  \4$aQA
=100  1\ $a Loria, Gino, $d 1862-1954
=245  14 $a Die hauptsächlichsten Theorien der Geometrie $h [electronic resource] / $c Gino Loria
=260  \\ $b Project Gutenberg, $c 2010
=506  \\ $a Public domain in the USA.
=516  \\ $a Text
=653  \\ $a Geometry -- History
=830  \0 $a Project Gutenberg $v 33726
=856  40 $u http://www.gutenberg.org/ebooks/33726

