=LDR  01175nas  2200241uu 4500
=000  00568cam\a22001693a\4500
=001  33727
=003  PGUSA
=005  20161217030021.0
=008  100914s2010||||xxu|||||s|||||000\|\eng\d
=040  \\ $a PGUSA $b eng
=042  \\ $a dc
=050  \4$aB
=100  1\ $a Kallen, Horace Meyer, $d 1882-1974
=245  10 $a Creative Intelligence : $b Essays in the Pragmatic Attitude $h [electronic resource] / $c Horace Meyer Kallen
=260  \\ $b Project Gutenberg, $c 2010
=505  0\ $a The need for a recovery of philosophy, by J. Dewey -- Reformation of logic, by A. W. Moore -- Intelligence and mathematics, by H. C. Brown -- Scientific method and individual thinker, by G. H. Mead -- Consciousness and psychology, by B. H. Bode -- The phases of the economic interest, by H. W. Stuart -- The moral life and the construction of values and standards, by J. H. Tufts -- Value and existence in philosophy, art, and religion, by H. M. Kallen.
=506  \\ $a Public domain in the USA.
=516  \\ $a Text
=653  \\ $a Pragmatism
=653  \\ $a Philosophy
=830  \0 $a Project Gutenberg $v 33727
=856  40 $u http://www.gutenberg.org/ebooks/33727

