=LDR  00878nas  2200265uu 4500
=000  00568cam\a22001693a\4500
=001  33728
=003  PGUSA
=005  20161217030021.0
=008  100914s2010||||xxu|||||s|||||000\1\eng\d
=040  \\ $a PGUSA $b eng
=042  \\ $a dc
=050  \4$aPS
=100  1\ $a Putnam, Nina Wilcox, $d 1888-1962
=245  10 $a Believe You Me! $h [electronic resource] / $c Nina Wilcox Putnam
=260  \\ $b Project Gutenberg, $c 2010
=506  \\ $a Public domain in the USA.
=516  \\ $a Text
=653  \\ $a Mothers and daughters -- Fiction
=653  \\ $a World War, 1914-1918 -- United States -- Fiction
=653  \\ $a Humorous stories
=653  \\ $a New York (N.Y.) -- Social life and customs -- 20th century -- Fiction
=653  \\ $a Dancers -- Fiction
=830  \0 $a Project Gutenberg $v 33728
=856  40 $u http://www.gutenberg.org/ebooks/33728

