=LDR  00641nas  2200229uu 4500
=000  00568cam\a22001693a\4500
=001  33729
=003  PGUSA
=005  20161217030021.0
=008  100914s2010||||xxu|||||s|||||000\p\eng\d
=040  \\ $a PGUSA $b eng
=042  \\ $a dc
=050  \4$aPS
=100  1\ $a Calhoun, Howell
=245  14 $a The Lost Temples of Xantoos $h [electronic resource] / $c Howell Calhoun
=260  \\ $b Project Gutenberg, $c 2010
=506  \\ $a Public domain in the USA.
=516  \\ $a Text
=653  \\ $a Poetry
=653  \\ $a Sonnets
=830  \0 $a Project Gutenberg $v 33729
=856  40 $u http://www.gutenberg.org/ebooks/33729

