=LDR  00614nas  2200217uu 4500
=000  00568cam\a22001693a\4500
=001  33730
=003  PGUSA
=005  20161217030021.0
=008  100914s2010||||xxu|||||s|||||000\p\eng\d
=040  \\ $a PGUSA $b eng
=042  \\ $a dc
=050  \4$aPS
=100  1\ $a Bolen, C. Edgar
=245  10 $a Lycanthropus $h [electronic resource] / $c C. Edgar Bolen
=260  \\ $b Project Gutenberg, $c 2010
=506  \\ $a Public domain in the USA.
=516  \\ $a Text
=653  \\ $a Werewolves -- Poetry
=830  \0 $a Project Gutenberg $v 33730
=856  40 $u http://www.gutenberg.org/ebooks/33730

