=LDR  00792nas  2200229uu 4500
=000  00568cam\a22001693a\4500
=001  33731
=003  PGUSA
=005  20161217030021.0
=008  100915s2010||||xxu|||||s|||||000\1\eng\d
=040  \\ $a PGUSA $b eng
=042  \\ $a dc
=050  \4$aPS
=100  1\ $a McLennan, William, $d 1856-1904
=245  14 $a The Span o' Life : $b A Tale of Louisbourg and Quebec $h [electronic resource] / $c William McLennan
=260  \\ $b Project Gutenberg, $c 2010
=506  \\ $a Public domain in the USA.
=516  \\ $a Text
=653  \\ $a United States -- History -- French and Indian War, 1754-1763 -- Fiction
=740  0\ $a The Span o' Life: A Tale of Louisbourg and Quebec
=830  \0 $a Project Gutenberg $v 33731
=856  40 $u http://www.gutenberg.org/ebooks/33731

