=LDR  01114nas  2200229uu 4500
=000  00568cam\a22001693a\4500
=001  33732
=003  PGUSA
=005  20161217030021.0
=008  100915s2010||||xxu|||||s|||||000\p\eng\d
=040  \\ $a PGUSA $b eng
=042  \\ $a dc
=050  \4$aPR
=100  1\ $a Parkerson, James
=245  10 $a Sketches in Verse : $b respectfully addressed to the Norfolk Yeomenry $h [electronic resource] / $c James Parkerson
=260  \\ $b Project Gutenberg, $c 2010
=505  0\ $a The Norwich corn mart -- On Mr. L---, taking leave of his wife and children, who was sentenced to transportation for fourteen years -- The convict's farewell, &c. &c. &c. -- Advice, &c. -- Ode to the memory of the late lamented Sir Samuel Romilly -- An address to the Norfolk yeoman on the importation of foreign grain -- A description of the pine-apple at Trowse -- The Wiverton boy; or, sailor returned [Sir Richard Greenway].
=506  \\ $a Public domain in the USA.
=516  \\ $a Text
=653  \\ $a English poetry
=830  \0 $a Project Gutenberg $v 33732
=856  40 $u http://www.gutenberg.org/ebooks/33732

