=LDR  00774nas  2200253uu 4500
=000  00568cam\a22001693a\4500
=001  33733
=003  PGUSA
=005  20161217030021.0
=008  100915s2010||||xxu|||||s|||||000\1\eng\d
=040  \\ $a PGUSA $b eng
=042  \\ $a dc
=050  \4$aPS
=100  1\ $a Camp, Wadsworth, $d 1879-1936
=245  14 $a The Guarded Heights $h [electronic resource] / $c Wadsworth Camp
=260  \\ $b Project Gutenberg, $c 2010
=506  \\ $a Public domain in the USA.
=516  \\ $a Text
=653  \\ $a Man-woman relationships -- Fiction
=653  \\ $a Social classes -- Fiction
=653  \\ $a Love stories
=653  \\ $a Princeton University -- Fiction
=830  \0 $a Project Gutenberg $v 33733
=856  40 $u http://www.gutenberg.org/ebooks/33733

