=LDR  00689nas  2200229uu 4500
=000  00568cam\a22001693a\4500
=001  33734
=003  PGUSA
=005  20161217030021.0
=008  100915s2010||||xxu|||||s|||||000\|\fre\d
=040  \\ $a PGUSA $b fre
=042  \\ $a dc
=050  \4$aDC
=100  1\ $a Janin, Jules Gabriel, $d 1804-1874
=245  10 $a Barnave $h [electronic resource] / $c Jules Gabriel Janin
=260  \\ $b Project Gutenberg, $c 2010
=506  \\ $a Public domain in the USA.
=516  \\ $a Text
=653  \\ $a France -- History -- 1789-1793
=653  \\ $a Barnave, Antoine, 1761-1793
=830  \0 $a Project Gutenberg $v 33734
=856  40 $u http://www.gutenberg.org/ebooks/33734

