=LDR  00595nas  2200205uu 4500
=000  00568cam\a22001693a\4500
=001  33735
=003  PGUSA
=005  20161217030021.0
=008  100916s2010||||xxu|||||s|||||000\|\eng\d
=040  \\ $a PGUSA $b eng
=042  \\ $a dc
=050  \4$aPR
=245  10 $a Pamela Censured $h [electronic resource] / $c Anonymous
=260  \\ $b Project Gutenberg, $c 2010
=506  \\ $a Public domain in the USA.
=516  \\ $a Text
=653  \\ $a Richardson, Samuel, 1689-1761. Pamela
=830  \0 $a Project Gutenberg $v 33735
=856  40 $u http://www.gutenberg.org/ebooks/33735

