=LDR  00693nas  2200229uu 4500
=000  00568cam\a22001693a\4500
=001  33736
=003  PGUSA
=005  20161217030021.0
=008  100916s2010||||xxu|||||s|||||000\1\eng\d
=040  \\ $a PGUSA $b eng
=042  \\ $a dc
=050  \4$aPS
=100  1\ $a Coleman, Ralph P. $q (Ralph Pallen), $d 1892-1968
=245  14 $a The Tempering $h [electronic resource] / $c Ralph P. Coleman
=260  \\ $b Project Gutenberg, $c 2010
=506  \\ $a Public domain in the USA.
=516  \\ $a Text
=653  \\ $a Mountain life -- Fiction
=653  \\ $a Kentucky -- Fiction
=830  \0 $a Project Gutenberg $v 33736
=856  40 $u http://www.gutenberg.org/ebooks/33736

