=LDR  00826nas  2200229uu 4500
=000  00568cam\a22001693a\4500
=001  33737
=003  PGUSA
=005  20161217030021.0
=008  100916s2010||||xxu|||||s|||||000\|\eng\d
=040  \\ $a PGUSA $b eng
=042  \\ $a dc
=050  \4$aBS
=245  14 $a The Curtezan unmasked; or, The Whoredomes of Jezebel Painted to the Life : $b $b With Antidotes against them, or Heavenly Julips to cool Men in the Fever of Lust. $h [electronic resource] / $c Anonymous
=260  \\ $b Project Gutenberg, $c 2010
=506  \\ $a Public domain in the USA.
=516  \\ $a Text
=653  \\ $a Bible. Proverbs, III, 3-4 -- Commentaries -- Early works to 1800
=653  \\ $a Conduct of life
=653  \\ $a Lust
=830  \0 $a Project Gutenberg $v 33737
=856  40 $u http://www.gutenberg.org/ebooks/33737

