=LDR  00724nas  2200229uu 4500
=000  00568cam\a22001693a\4500
=001  33738
=003  PGUSA
=005  20161217030021.0
=008  100916s2010||||xxu|||||s|||||000\|\fre\d
=040  \\ $a PGUSA $b fre
=042  \\ $a dc
=050  \4$aPQ
=100  1\ $a Clouard, Maurice, $d 1857-
=245  10 $a Documents Inédits sur Alfred de Musset $h [electronic resource] / $c Maurice Clouard
=260  \\ $b Project Gutenberg, $c 2010
=506  \\ $a Public domain in the USA.
=516  \\ $a Text
=653  \\ $a Musset, Alfred de, 1810-1857
=653  \\ $a Musset, Alfred de, 1810-1857 -- Bibliography
=830  \0 $a Project Gutenberg $v 33738
=856  40 $u http://www.gutenberg.org/ebooks/33738

