=LDR  00695nas  2200229uu 4500
=000  00568cam\a22001693a\4500
=001  33739
=003  PGUSA
=005  20161217030021.0
=008  100916s2010||||xxu|||||s|||||000\|\eng\d
=040  \\ $a PGUSA $b eng
=042  \\ $a dc
=050  \4$aF1751
=100  1\ $a Hall, A. D. $q (Arthur D.)
=245  10 $a Cuba : $b Its Past, Present, and Future $h [electronic resource] / $c A. D. Hall
=260  \\ $b Project Gutenberg, $c 2010
=506  \\ $a Public domain in the USA.
=516  \\ $a Text
=653  \\ $a Cuba -- Description and travel
=653  \\ $a Cuba -- History
=830  \0 $a Project Gutenberg $v 33739
=856  40 $u http://www.gutenberg.org/ebooks/33739

