=LDR  00706nas  2200241uu 4500
=000  00568cam\a22001693a\4500
=001  33741
=003  PGUSA
=005  20161217030021.0
=008  100916s2010||||xxu|||||s|||||000\|\eng\d
=040  \\ $a PGUSA $b eng
=042  \\ $a dc
=050  \4$aHB
=100  1\ $a Tawney, R. H. $q (Richard Henry), $d 1880-1962
=245  14 $a The Acquisitive Society $h [electronic resource] / $c R. H. Tawney
=260  \\ $b Project Gutenberg, $c 2010
=506  \\ $a Public domain in the USA.
=516  \\ $a Text
=653  \\ $a Social problems
=653  \\ $a Economics
=653  \\ $a Industries
=830  \0 $a Project Gutenberg $v 33741
=856  40 $u http://www.gutenberg.org/ebooks/33741

