=LDR  00666nas  2200229uu 4500
=000  00568cam\a22001693a\4500
=001  33742
=003  PGUSA
=005  20161217030021.0
=008  100917s2010||||xxu|||||s|||||000\|\eng\d
=040  \\ $a PGUSA $b eng
=042  \\ $a dc
=050  \4$aBV
=100  1\ $a Law, William, $d 1686-1761
=245  10 $a Dialogues on the Supersensual Life $h [electronic resource] / $c William Law
=260  \\ $b Project Gutenberg, $c 2010
=506  \\ $a Public domain in the USA.
=516  \\ $a Text
=653  \\ $a Mysticism
=653  \\ $a Christian life
=830  \0 $a Project Gutenberg $v 33742
=856  40 $u http://www.gutenberg.org/ebooks/33742

