=LDR  00818nas  2200241uu 4500
=000  00568cam\a22001693a\4500
=001  33743
=003  PGUSA
=005  20161217030021.0
=008  100917s2010||||xxu|||||s|||||000\|\eng\d
=040  \\ $a PGUSA $b eng
=042  \\ $a dc
=050  \4$aDF
=100  1\ $a Müller, Karl Otfried, $d 1797-1840
=245  14 $a The History and Antiquities of the Doric Race, Vol. 1 of 2 $h [electronic resource] / $c Karl Otfried Müller
=260  \\ $b Project Gutenberg, $c 2010
=506  \\ $a Public domain in the USA.
=516  \\ $a Text
=653  \\ $a Greece -- Antiquities, Dorian
=653  \\ $a Dorians -- History
=653  \\ $a Greece -- History -- Dorian Invasions, approximately 1125-1025 B.C.
=830  \0 $a Project Gutenberg $v 33743
=856  40 $u http://www.gutenberg.org/ebooks/33743

