=LDR  00738nas  2200217uu 4500
=000  00568cam\a22001693a\4500
=001  33744
=003  PGUSA
=005  20161217030021.0
=008  100917s2010||||xxu|||||s|||||000\|\fre\d
=040  \\ $a PGUSA $b fre
=042  \\ $a dc
=050  \4$aPR
=100  1\ $a Moore, Thomas, $d 1779-1852
=245  10 $a Œuvres complètes de lord Byron, Tome 12 : $b $b comprenant ses mémoires publiés par Thomas Moore $h [electronic resource] / $c Thomas Moore
=260  \\ $b Project Gutenberg, $c 2010
=506  \\ $a Public domain in the USA.
=516  \\ $a Text
=653  \\ $a English literature -- Translations into French
=830  \0 $a Project Gutenberg $v 33744
=856  40 $u http://www.gutenberg.org/ebooks/33744

