=LDR  00818nas  2200241uu 4500
=000  00568cam\a22001693a\4500
=001  33745
=003  PGUSA
=005  20161217030021.0
=008  100918s2010||||xxu|||||s|||||000\|\fre\d
=040  \\ $a PGUSA $b fre
=042  \\ $a dc
=050  \4$aDC
=100  1\ $a Latude, Henri Masers de, $d 1725-1805
=245  10 $a Mémoires authentiques de Latude, : $b $b écrites par lui au donjon de Vincennes et à Charenton $h [electronic resource] / $c Henri Masers de Latude
=260  \\ $b Project Gutenberg, $c 2010
=506  \\ $a Public domain in the USA.
=516  \\ $a Text
=653  \\ $a Latude, Henri Masers de, 1725-1805
=653  \\ $a Bastille
=653  \\ $a Political prisoners -- France
=830  \0 $a Project Gutenberg $v 33745
=856  40 $u http://www.gutenberg.org/ebooks/33745

