=LDR  00661nas  2200217uu 4500
=000  00568cam\a22001693a\4500
=001  33746
=003  PGUSA
=005  20161217030021.0
=008  100917s2010||||xxu|||||s|||||000\1\fre\d
=040  \\ $a PGUSA $b fre
=042  \\ $a dc
=050  \4$aPQ
=100  1\ $a Féval, Paul, $d 1817-1887
=245  13 $a Le Bossu : $b Aventures de Cape et d'Épée. Volume 2 $h [electronic resource] / $c Paul Féval
=260  \\ $b Project Gutenberg, $c 2010
=506  \\ $a Public domain in the USA.
=516  \\ $a Text
=653  \\ $a Revenge -- Fiction
=830  \0 $a Project Gutenberg $v 33746
=856  40 $u http://www.gutenberg.org/ebooks/33746

