=LDR  00644nas  2200217uu 4500
=000  00568cam\a22001693a\4500
=001  33747
=003  PGUSA
=005  20161217030021.0
=008  100917s2010||||xxu|||||s|||||000\1\eng\d
=040  \\ $a PGUSA $b eng
=042  \\ $a dc
=050  \4$aPR
=100  1\ $a Zangwill, Louis, $d 1869-1938
=245  13 $a An Engagement of Convenience : $b A Novel $h [electronic resource] / $c Louis Zangwill
=260  \\ $b Project Gutenberg, $c 2010
=506  \\ $a Public domain in the USA.
=516  \\ $a Text
=653  \\ $a Fiction
=830  \0 $a Project Gutenberg $v 33747
=856  40 $u http://www.gutenberg.org/ebooks/33747

