=LDR  00752nas  2200253uu 4500
=000  00568cam\a22001693a\4500
=001  33748
=003  PGUSA
=005  20161217030021.0
=008  100917s2010||||xxu|||||s|||||000\|\eng\d
=040  \\ $a PGUSA $b eng
=042  \\ $a dc
=050  \4$aTX
=245  14 $a The Kitchen Encyclopedia : $b $b Twelfth Edition (Swift and Company) $h [electronic resource] / $c Anonymous
=260  \\ $b Project Gutenberg, $c 2010
=506  \\ $a Public domain in the USA.
=516  \\ $a Text
=653  \\ $a Fireless cookers
=653  \\ $a Home economics
=653  \\ $a Cooking, American
=653  \\ $a Cookbooks
=653  \\ $a Margarine
=830  \0 $a Project Gutenberg $v 33748
=856  40 $u http://www.gutenberg.org/ebooks/33748

