=LDR  00699nas  2200217uu 4500
=000  00568cam\a22001693a\4500
=001  33749
=003  PGUSA
=005  20161217030021.0
=008  100917s2010||||xxu|||||s|||||000\1\por\d
=040  \\ $a PGUSA $b por
=042  \\ $a dc
=050  \4$aPQ
=100  1\ $a Pimentel, Alberto, $d 1849-1925
=245  12 $a O Annel Mysterioso, Scenas da Guerra Peninsular $h [electronic resource] / $c Alberto Pimentel
=260  \\ $b Project Gutenberg, $c 2010
=506  \\ $a Public domain in the USA.
=516  \\ $a Text
=653  \\ $a Portugal -- History -- Maria I, 1777-1816 -- Fiction
=830  \0 $a Project Gutenberg $v 33749
=856  40 $u http://www.gutenberg.org/ebooks/33749

