=LDR  00678nas  2200205uu 4500
=000  00568cam\a22001693a\4500
=001  33750
=003  PGUSA
=005  20161217030021.0
=008  100917s2010||||xxu|||||s|||||000\|\eng\d
=040  \\ $a PGUSA $b eng
=042  \\ $a dc
=050  \4$aAE
=245  10 $a Encyclopaedia Britannica, 11th Edition, "Bradford, William" to "Brequigny, Louis" : $b $b Volume 4, Slice 4 $h [electronic resource] / $c Various
=260  \\ $b Project Gutenberg, $c 2010
=506  \\ $a Public domain in the USA.
=516  \\ $a Text
=653  \\ $a Encyclopedias and dictionaries
=830  \0 $a Project Gutenberg $v 33750
=856  40 $u http://www.gutenberg.org/ebooks/33750

