=LDR  00786nas  2200241uu 4500
=000  00568cam\a22001693a\4500
=001  33751
=003  PGUSA
=005  20161217030021.0
=008  100917s2010||||xxu|||||s|||||000\|\eng\d
=040  \\ $a PGUSA $b eng
=042  \\ $a dc
=050  \4$aNE
=100  1\ $a Koehler, S. R. $q (Sylvester Rosa), $d 1837-1900
=240  10 $a Traité de la gravure à l'eau-forte. $l English
=245  12 $a A Treatise on Etching $h [electronic resource] / $c S. R. Koehler
=260  \\ $b Project Gutenberg, $c 2010
=506  \\ $a Public domain in the USA.
=516  \\ $a Text
=653  \\ $a Etching -- Technique
=740  0\ $a Traité de la gravure à l'eau-forte. English
=830  \0 $a Project Gutenberg $v 33751
=856  40 $u http://www.gutenberg.org/ebooks/33751

