=LDR  00817nas  2200253uu 4500
=000  00568cam\a22001693a\4500
=001  33754
=003  PGUSA
=005  20161217030021.0
=008  100917s2010||||xxu|||||s|||||000\1\eng\d
=040  \\ $a PGUSA $b eng
=042  \\ $a dc
=050  \4$aPZ
=100  1\ $a Oxley, J. Macdonald $q (James Macdonald), $d 1855-1907
=245  10 $a Terry's Trials and Triumphs $h [electronic resource] / $c J. Macdonald Oxley
=260  \\ $b Project Gutenberg, $c 2010
=506  \\ $a Public domain in the USA.
=516  \\ $a Text
=653  \\ $a Boys -- Juvenile fiction
=653  \\ $a Halifax (N.S.) -- Juvenile fiction
=653  \\ $a Poor families -- Juvenile fiction
=653  \\ $a Adventure stories
=830  \0 $a Project Gutenberg $v 33754
=856  40 $u http://www.gutenberg.org/ebooks/33754

