=LDR  00676nas  2200217uu 4500
=000  00568cam\a22001693a\4500
=001  33755
=003  PGUSA
=005  20161217030021.0
=008  100918s2010||||xxu|||||s|||||000\|\eng\d
=040  \\ $a PGUSA $b eng
=042  \\ $a dc
=050  \4$aDA
=100  1\ $a Parmele, Mary Platt, $d 1843-1911
=245  12 $a A Short History of England, Ireland and Scotland $h [electronic resource] / $c Mary Platt Parmele
=260  \\ $b Project Gutenberg, $c 2010
=506  \\ $a Public domain in the USA.
=516  \\ $a Text
=653  \\ $a Great Britain -- History
=830  \0 $a Project Gutenberg $v 33755
=856  40 $u http://www.gutenberg.org/ebooks/33755

