=LDR  00975nas  2200253uu 4500
=000  00568cam\a22001693a\4500
=001  33756
=003  PGUSA
=005  20161217030021.0
=008  100918s2010||||xxu|||||s|||||000\|\eng\d
=040  \\ $a PGUSA $b eng
=042  \\ $a dc
=050  \4$aF106
=100  1\ $a Sangster, Margaret Elizabeth Munson, $d 1838-1912
=245  10 $a Village Life in America 1852-1872, Including the Period of the American Civil War : $b $b As Told in the Diary of a School-Girl $h [electronic resource] / $c Margaret Elizabeth Munson Sangster
=260  \\ $b Project Gutenberg, $c 2010
=506  \\ $a Public domain in the USA.
=516  \\ $a Text
=653  \\ $a Canandaigua (N.Y.) -- Social life and customs
=653  \\ $a Canandaigua (N.Y.) -- History
=653  \\ $a New York (State) -- Social life and customs
=653  \\ $a Richards, Caroline Cowles, 1842-1913
=830  \0 $a Project Gutenberg $v 33756
=856  40 $u http://www.gutenberg.org/ebooks/33756

