=LDR  00643nas  2200217uu 4500
=000  00568cam\a22001693a\4500
=001  33757
=003  PGUSA
=005  20161217030021.0
=008  100918s2010||||xxu|||||s|||||000\|\eng\d
=040  \\ $a PGUSA $b eng
=042  \\ $a dc
=050  \4$aQK
=100  1\ $a Gray, Asa, $d 1810-1888
=245  14 $a The Elements of Botany, For Beginners and For Schools $h [electronic resource] / $c Asa Gray
=260  \\ $b Project Gutenberg, $c 2010
=506  \\ $a Public domain in the USA.
=516  \\ $a Text
=653  \\ $a Plants
=830  \0 $a Project Gutenberg $v 33757
=856  40 $u http://www.gutenberg.org/ebooks/33757

