=LDR  00677nas  2200217uu 4500
=000  00568cam\a22001693a\4500
=001  33758
=003  PGUSA
=005  20161217030021.0
=008  100919s2010||||xxu|||||s|||||000\p\eng\d
=040  \\ $a PGUSA $b eng
=042  \\ $a dc
=050  \4$aPS
=100  1\ $a Hayes, Kate Simpson, $d 1856-1945
=245  10 $a Derby Day in the Yukon, and Other Poems of the "Northland" $h [electronic resource] / $c Kate Simpson Hayes
=260  \\ $b Project Gutenberg, $c 2010
=506  \\ $a Public domain in the USA.
=516  \\ $a Text
=653  \\ $a Canadian poetry
=830  \0 $a Project Gutenberg $v 33758
=856  40 $u http://www.gutenberg.org/ebooks/33758

