=LDR  00635nas  2200217uu 4500
=000  00568cam\a22001693a\4500
=001  33759
=003  PGUSA
=005  20161217030021.0
=008  100919s2010||||xxu|||||s|||||000\1\eng\d
=040  \\ $a PGUSA $b eng
=042  \\ $a dc
=050  \4$aPS
=100  1\ $a Buck, Charles Neville, $d 1879-1930
=245  14 $a The Key to Yesterday $h [electronic resource] / $c Charles Neville Buck
=260  \\ $b Project Gutenberg, $c 2010
=506  \\ $a Public domain in the USA.
=516  \\ $a Text
=653  \\ $a Fiction
=830  \0 $a Project Gutenberg $v 33759
=856  40 $u http://www.gutenberg.org/ebooks/33759

