=LDR  00710nas  2200229uu 4500
=000  00568cam\a22001693a\4500
=001  33760
=003  PGUSA
=005  20161217030021.0
=008  100918s2010||||xxu|||||s|||||000\|\eng\d
=040  \\ $a PGUSA $b eng
=042  \\ $a dc
=050  \4$aGB
=100  1\ $a Udden, Johan August, $d 1859-1932
=245  10 $a Fossil Ice Crystals : $b An Instance of the Practical Value of "Pure Science" $h [electronic resource] / $c Johan August Udden
=260  \\ $b Project Gutenberg, $c 2010
=506  \\ $a Public domain in the USA.
=516  \\ $a Text
=653  \\ $a Fossils
=653  \\ $a Ice
=830  \0 $a Project Gutenberg $v 33760
=856  40 $u http://www.gutenberg.org/ebooks/33760

