=LDR  00631nas  2200217uu 4500
=000  00568cam\a22001693a\4500
=001  33761
=003  PGUSA
=005  20161217030021.0
=008  100919s2010||||xxu|||||s|||||000\1\eng\d
=040  \\ $a PGUSA $b eng
=042  \\ $a dc
=050  \4$aPS
=100  1\ $a Flagg, James Montgomery, $d 1877-1960
=245  10 $a Making Money $h [electronic resource] / $c James Montgomery Flagg
=260  \\ $b Project Gutenberg, $c 2010
=506  \\ $a Public domain in the USA.
=516  \\ $a Text
=653  \\ $a Fiction
=830  \0 $a Project Gutenberg $v 33761
=856  40 $u http://www.gutenberg.org/ebooks/33761

