=LDR  00723nas  2200229uu 4500
=000  00568cam\a22001693a\4500
=001  33762
=003  PGUSA
=005  20161217030021.0
=008  100919s2010||||xxu|||||s|||||000\1\eng\d
=040  \\ $a PGUSA $b eng
=042  \\ $a dc
=050  \4$aPR
=100  1\ $a Von Arnim, Elizabeth, $d 1866-1941
=245  14 $a The Adventures of Elizabeth in Rügen $h [electronic resource] / $c Elizabeth Von Arnim
=260  \\ $b Project Gutenberg, $c 2010
=506  \\ $a Public domain in the USA.
=516  \\ $a Text
=653  \\ $a Rügen Island (Germany) -- Fiction
=653  \\ $a Women -- Germany -- Fiction
=830  \0 $a Project Gutenberg $v 33762
=856  40 $u http://www.gutenberg.org/ebooks/33762

