=LDR  00760nas  2200229uu 4500
=000  00568cam\a22001693a\4500
=001  33763
=003  PGUSA
=005  20161217030021.0
=008  100919s2010||||xxu|||||s|||||000\1\eng\d
=040  \\ $a PGUSA $b eng
=042  \\ $a dc
=050  \4$aPR
=100  1\ $a Hammerton, John Alexander, $c Sir, $d 1871-1949
=245  14 $a The Call of the Town : $b A Tale of Literary Life $h [electronic resource] / $c John Alexander, Hammerton
=260  \\ $b Project Gutenberg, $c 2010
=506  \\ $a Public domain in the USA.
=516  \\ $a Text
=653  \\ $a Journalists -- Fiction
=653  \\ $a England -- Social life and customs -- Fiction
=830  \0 $a Project Gutenberg $v 33763
=856  40 $u http://www.gutenberg.org/ebooks/33763

