=LDR  00986nas  2200301uu 4500
=000  00568cam\a22001693a\4500
=001  33764
=003  PGUSA
=005  20161217030021.0
=008  100919s2010||||xxu|||||s|||||000\|\dut\d
=040  \\ $a PGUSA $b dut
=042  \\ $a dc
=050  \4$aQH
=100  1\ $a Darwin, Charles, $d 1809-1882
=240  10 $a Voyage of the Beagle. $l Dutch
=245  10 $a De Reis om de Wereld $h [electronic resource] / $c Charles Darwin
=260  \\ $b Project Gutenberg, $c 2010
=500  \\ $a Translation of: Voyage of the Beagle
=506  \\ $a Public domain in the USA.
=516  \\ $a Text
=653  \\ $a Voyages around the world -- History -- 19th century
=653  \\ $a Natural history
=653  \\ $a Beagle Expedition (1831-1836)
=653  \\ $a South America -- Discovery and exploration
=653  \\ $a Geology
=740  0\ $a Voyage of the Beagle. Dutch
=830  \0 $a Project Gutenberg $v 33764
=856  40 $u http://www.gutenberg.org/ebooks/33764

