=LDR  00889nas  2200241uu 4500
=000  00568cam\a22001693a\4500
=001  33765
=003  PGUSA
=005  20161217030021.0
=008  100919s2010||||xxu|||||s|||||000\|\eng\d
=040  \\ $a PGUSA $b eng
=042  \\ $a dc
=050  \4$aBX
=100  1\ $a Allies, T. W. $q (Thomas William), $d 1813-1903
=245  14 $a The Church of England cleared from the charge of Schism : $b $b Upon Testimonies of Councils and Fathers of the first six centuries $h [electronic resource] / $c T. W. Allies
=260  \\ $b Project Gutenberg, $c 2010
=506  \\ $a Public domain in the USA.
=516  \\ $a Text
=653  \\ $a Papacy -- History -- To 1309
=653  \\ $a Episcopacy -- History of Doctrines
=653  \\ $a Continuity of the church -- Anglican Communion
=830  \0 $a Project Gutenberg $v 33765
=856  40 $u http://www.gutenberg.org/ebooks/33765

