=LDR  00624nas  2200217uu 4500
=000  00568cam\a22001693a\4500
=001  33766
=003  PGUSA
=005  20161217030021.0
=008  100920s2010||||xxu|||||s|||||000\|\eng\d
=040  \\ $a PGUSA $b eng
=042  \\ $a dc
=050  \4$aT
=100  1\ $a Farber, Eduard, $d 1892-1969
=245  10 $a History of Phosphorus $h [electronic resource] / $c Eduard Farber
=260  \\ $b Project Gutenberg, $c 2010
=506  \\ $a Public domain in the USA.
=516  \\ $a Text
=653  \\ $a Phosphorus
=830  \0 $a Project Gutenberg $v 33766
=856  40 $u http://www.gutenberg.org/ebooks/33766

