=LDR  00718nas  2200229uu 4500
=000  00568cam\a22001693a\4500
=001  33767
=003  PGUSA
=005  20161217030021.0
=008  100920s2010||||xxu|||||s|||||000\|\eng\d
=040  \\ $a PGUSA $b eng
=042  \\ $a dc
=050  \4$aSK
=110  1\ $a Girl Scouts of the United States of America
=245  10 $a Campward Ho! A Manual for Girl Scout Camps $h [electronic resource] / $c Girl Scouts of the United States of America
=260  \\ $b Project Gutenberg, $c 2010
=506  \\ $a Public domain in the USA.
=516  \\ $a Text
=653  \\ $a Girl Scouts
=653  \\ $a Camping
=830  \0 $a Project Gutenberg $v 33767
=856  40 $u http://www.gutenberg.org/ebooks/33767

