=LDR  00612nas  2200205uu 4500
=000  00568cam\a22001693a\4500
=001  33768
=003  PGUSA
=005  20161217030021.0
=008  100920s2010||||xxu|||||s|||||000\p\eng\d
=040  \\ $a PGUSA $b eng
=042  \\ $a dc
=050  \4$aPR
=245  14 $a The Middle English Poem, Erthe Upon Erthe $h [electronic resource]
=260  \\ $b Project Gutenberg, $c 2010
=506  \\ $a Public domain in the USA.
=516  \\ $a Text
=653  \\ $a English poetry -- Middle English, 1100-1500
=830  \0 $a Project Gutenberg $v 33768
=856  40 $u http://www.gutenberg.org/ebooks/33768

