=LDR  00757nas  2200229uu 4500
=000  00568cam\a22001693a\4500
=001  33769
=003  PGUSA
=005  20161217030021.0
=008  100920s2010||||xxu|||||s|||||000\|\eng\d
=040  \\ $a PGUSA $b eng
=042  \\ $a dc
=050  \4$aD501
=100  1\ $a Knight, E. F. $q (Edward Frederick), $d 1852-1925
=245  14 $a The Harwich Naval Forces : $b Their Part in the Great War $h [electronic resource] / $c E. F. Knight
=260  \\ $b Project Gutenberg, $c 2010
=506  \\ $a Public domain in the USA.
=516  \\ $a Text
=653  \\ $a World War, 1914-1918 -- Naval operations
=653  \\ $a Great Britain. Royal Navy
=830  \0 $a Project Gutenberg $v 33769
=856  40 $u http://www.gutenberg.org/ebooks/33769

