=LDR  00663nas  2200229uu 4500
=000  00568cam\a22001693a\4500
=001  33770
=003  PGUSA
=005  20161217030021.0
=008  100920s2010||||xxu|||||s|||||000\p\eng\d
=040  \\ $a PGUSA $b eng
=042  \\ $a dc
=050  \4$aPS
=100  1\ $a Ross, Gordon, $d 1873-1946
=245  10 $a Impertinent Poems $h [electronic resource] / $c Gordon Ross
=260  \\ $b Project Gutenberg, $c 2010
=506  \\ $a Public domain in the USA.
=516  \\ $a Text
=653  \\ $a American poetry
=653  \\ $a American wit and humor
=830  \0 $a Project Gutenberg $v 33770
=856  40 $u http://www.gutenberg.org/ebooks/33770

