=LDR  00640nas  2200217uu 4500
=000  00568cam\a22001693a\4500
=001  33772
=003  PGUSA
=005  20161217030021.0
=008  100920s2010||||xxu|||||s|||||000\1\eng\d
=040  \\ $a PGUSA $b eng
=042  \\ $a dc
=050  \4$aPZ
=100  1\ $a Cory, David, $d 1872-1966
=245  10 $a Hawk Eye $h [electronic resource] / $c David Cory
=260  \\ $b Project Gutenberg, $c 2010
=506  \\ $a Public domain in the USA.
=516  \\ $a Text
=653  \\ $a Indians of North America -- Juvenile fiction
=830  \0 $a Project Gutenberg $v 33772
=856  40 $u http://www.gutenberg.org/ebooks/33772

