=LDR  00697nas  2200229uu 4500
=000  00568cam\a22001693a\4500
=001  33773
=003  PGUSA
=005  20161217030021.0
=008  100920s2010||||xxu|||||s|||||000\1\eng\d
=040  \\ $a PGUSA $b eng
=042  \\ $a dc
=050  \4$aPS
=100  1\ $a Read, Opie Percival, $d 1852-1939
=245  12 $a A Yankee from the West : $b A Novel $h [electronic resource] / $c Opie Percival Read
=260  \\ $b Project Gutenberg, $c 2010
=506  \\ $a Public domain in the USA.
=516  \\ $a Text
=653  \\ $a Farm life -- Fiction
=653  \\ $a Illinois -- Fiction
=830  \0 $a Project Gutenberg $v 33773
=856  40 $u http://www.gutenberg.org/ebooks/33773

