=LDR  00685nas  2200229uu 4500
=000  00568cam\a22001693a\4500
=001  33774
=003  PGUSA
=005  20161217030021.0
=008  100920s2010||||xxu|||||s|||||000\p\eng\d
=040  \\ $a PGUSA $b eng
=042  \\ $a dc
=050  \4$aPR
=100  1\ $a Bullett, Gerald, $d 1893-1958
=245  10 $a Mice and Other Poems $h [electronic resource] / $c Gerald Bullett
=260  \\ $b Project Gutenberg, $c 2010
=506  \\ $a Public domain in the USA.
=516  \\ $a Text
=653  \\ $a English poetry -- 20th century
=740  0\ $a Mice and Other Poems
=830  \0 $a Project Gutenberg $v 33774
=856  40 $u http://www.gutenberg.org/ebooks/33774

