=LDR  00993nas  2200289uu 4500
=000  00568cam\a22001693a\4500
=001  33775
=003  PGUSA
=005  20161217030021.0
=008  100920s2010||||xxu|||||s|||||000\1\eng\d
=040  \\ $a PGUSA $b eng
=042  \\ $a dc
=050  \4$aPZ
=100  1\ $a Leslie, Madeline, $d 1815-1893
=245  10 $a Little Robins Learning to Fly $h [electronic resource] / $c Madeline Leslie
=260  \\ $b Project Gutenberg, $c 2010
=506  \\ $a Public domain in the USA.
=516  \\ $a Text
=653  \\ $a Robins -- Juvenile fiction
=653  \\ $a Brothers and sisters -- Juvenile fiction
=653  \\ $a Children -- Conduct of life -- Juvenile fiction
=653  \\ $a Birds -- Flight -- Juvenile fiction
=653  \\ $a Conduct of life -- Juvenile fiction
=653  \\ $a Natural history -- Juvenile fiction
=653  \\ $a Animal welfare -- Juvenile fiction
=830  \0 $a Project Gutenberg $v 33775
=856  40 $u http://www.gutenberg.org/ebooks/33775

