=LDR  00656nas  2200217uu 4500
=000  00568cam\a22001693a\4500
=001  33776
=003  PGUSA
=005  20161217030021.0
=008  100920s2010||||xxu|||||s|||||000\|\eng\d
=040  \\ $a PGUSA $b eng
=042  \\ $a dc
=050  \4$aF001
=100  1\ $a Plumb, Albert Hale, $d 1863-
=245  10 $a William Bradford of Plymouth $h [electronic resource] / $c Albert Hale Plumb
=260  \\ $b Project Gutenberg, $c 2010
=506  \\ $a Public domain in the USA.
=516  \\ $a Text
=653  \\ $a Bradford, William, 1590-1657
=830  \0 $a Project Gutenberg $v 33776
=856  40 $u http://www.gutenberg.org/ebooks/33776

