=LDR  00863nas  2200289uu 4500
=000  00568cam\a22001693a\4500
=001  33777
=003  PGUSA
=005  20161217030021.0
=008  100920s2010||||xxu|||||s|||||000\1\eng\d
=040  \\ $a PGUSA $b eng
=042  \\ $a dc
=050  \4$aPR
=050  \4$aPZ
=100  1\ $a Hughes, Thomas, $d 1822-1896
=245  10 $a Tom Brown at Rugby $h [electronic resource] / $c Thomas Hughes
=260  \\ $b Project Gutenberg, $c 2010
=506  \\ $a Public domain in the USA.
=516  \\ $a Text
=653  \\ $a Schools -- Fiction
=653  \\ $a Boys -- Fiction
=653  \\ $a Rugby School -- Fiction
=653  \\ $a Endowed public schools (Great Britain) -- Fiction
=653  \\ $a Bildungsromans
=653  \\ $a England -- Fiction
=830  \0 $a Project Gutenberg $v 33777
=856  40 $u http://www.gutenberg.org/ebooks/33777

