=LDR  00652nas  2200217uu 4500
=000  00568cam\a22001693a\4500
=001  33778
=003  PGUSA
=005  20161217030021.0
=008  100920s2010||||xxu|||||s|||||000\1\eng\d
=040  \\ $a PGUSA $b eng
=042  \\ $a dc
=050  \4$aPQ
=100  1\ $a Fogazzaro, Antonio, $d 1842-1911
=245  14 $a The Patriot (Piccolo Mondo Antico) $h [electronic resource] / $c Antonio Fogazzaro
=260  \\ $b Project Gutenberg, $c 2010
=506  \\ $a Public domain in the USA.
=516  \\ $a Text
=653  \\ $a Italy -- Fiction
=830  \0 $a Project Gutenberg $v 33778
=856  40 $u http://www.gutenberg.org/ebooks/33778

