=LDR  00741nas  2200241uu 4500
=000  00568cam\a22001693a\4500
=001  33779
=003  PGUSA
=005  20161217030021.0
=008  100920s2010||||xxu|||||s|||||000\1\eng\d
=040  \\ $a PGUSA $b eng
=042  \\ $a dc
=050  \4$aPT
=100  1\ $a Couperus, Louis, $d 1863-1923
=245  10 $a Majesty : $b A Novel $h [electronic resource] / $c Louis Couperus
=260  \\ $b Project Gutenberg, $c 2010
=506  \\ $a Public domain in the USA.
=516  \\ $a Text
=653  \\ $a Dutch fiction -- Translations into English
=653  \\ $a Kings and rulers -- Fiction
=653  \\ $a Princes -- Fiction
=830  \0 $a Project Gutenberg $v 33779
=856  40 $u http://www.gutenberg.org/ebooks/33779

