=LDR  00626nas  2200217uu 4500
=000  00568cam\a22001693a\4500
=001  33780
=003  PGUSA
=005  20161217030021.0
=008  100920s2010||||xxu|||||s|||||000\1\eng\d
=040  \\ $a PGUSA $b eng
=042  \\ $a dc
=050  \4$aPS
=100  1\ $a Frederick, Edmund, $d 1870-1924
=245  14 $a The Haunted Pajamas $h [electronic resource] / $c Edmund Frederick
=260  \\ $b Project Gutenberg, $c 2010
=506  \\ $a Public domain in the USA.
=516  \\ $a Text
=653  \\ $a Fiction
=830  \0 $a Project Gutenberg $v 33780
=856  40 $u http://www.gutenberg.org/ebooks/33780

