=LDR  00958nas  2200301uu 4500
=000  00568cam\a22001693a\4500
=001  33781
=003  PGUSA
=005  20161217030021.0
=008  100920s2010||||xxu|||||s|||||000\1\ita\d
=040  \\ $a PGUSA $b ita
=042  \\ $a dc
=050  \4$aPR
=100  1\ $a Radcliffe, Ann Ward, $d 1764-1823
=245  10 $a I misteri del castello d'Udolfo, vol. 1 $h [electronic resource] / $c Ann Ward Radcliffe
=260  \\ $b Project Gutenberg, $c 2010
=506  \\ $a Public domain in the USA.
=516  \\ $a Text
=653  \\ $a Young women -- Fiction
=653  \\ $a Castles -- Fiction
=653  \\ $a Orphans -- Fiction
=653  \\ $a Inheritance and succession -- Fiction
=653  \\ $a Guardian and ward -- Fiction
=653  \\ $a Gothic fiction (Literary genre)
=653  \\ $a Horror tales
=653  \\ $a Italy -- Fiction
=830  \0 $a Project Gutenberg $v 33781
=856  40 $u http://www.gutenberg.org/ebooks/33781

