=LDR  00642nas  2200217uu 4500
=000  00568cam\a22001693a\4500
=001  33785
=003  PGUSA
=005  20161217030021.0
=008  100921s2010||||xxu|||||s|||||000\1\eng\d
=040  \\ $a PGUSA $b eng
=042  \\ $a dc
=050  \4$aPS
=100  1\ $a Janis, Elsie, $d 1889-1956
=245  12 $a A Star for a Night : $b A Story of Stage Life $h [electronic resource] / $c Elsie Janis
=260  \\ $b Project Gutenberg, $c 2010
=506  \\ $a Public domain in the USA.
=516  \\ $a Text
=653  \\ $a Fiction
=830  \0 $a Project Gutenberg $v 33785
=856  40 $u http://www.gutenberg.org/ebooks/33785

