=LDR  00721nas  2200229uu 4500
=000  00568cam\a22001693a\4500
=001  33786
=003  PGUSA
=005  20161217030021.0
=008  100921s2010||||xxu|||||s|||||000\p\eng\d
=040  \\ $a PGUSA $b eng
=042  \\ $a dc
=050  \4$aPA
=100  1\ $a Bushnell, Curtis C. $q (Curtis Clark), $d 1870-
=245  10 $a Readings from Latin Verse; With Notes $h [electronic resource] / $c Curtis C. Bushnell
=260  \\ $b Project Gutenberg, $c 2010
=506  \\ $a Public domain in the USA.
=516  \\ $a Text
=653  \\ $a Latin language -- Readers -- Poetry
=653  \\ $a Latin poetry
=830  \0 $a Project Gutenberg $v 33786
=856  40 $u http://www.gutenberg.org/ebooks/33786

