=LDR  00756nas  2200253uu 4500
=000  00568cam\a22001693a\4500
=001  33787
=003  PGUSA
=005  20161217030021.0
=008  100921s2010||||xxu|||||s|||||000\1\eng\d
=040  \\ $a PGUSA $b eng
=042  \\ $a dc
=050  \4$aPS
=100  1\ $a Munn, Charles Clark, $d 1848-1917
=245  10 $a Rockhaven $h [electronic resource] / $c Charles Clark Munn
=260  \\ $b Project Gutenberg, $c 2010
=506  \\ $a Public domain in the USA.
=516  \\ $a Text
=653  \\ $a Love stories
=653  \\ $a Swindlers and swindling -- Fiction
=653  \\ $a Islands -- Fiction
=653  \\ $a New England -- Fiction
=830  \0 $a Project Gutenberg $v 33787
=856  40 $u http://www.gutenberg.org/ebooks/33787

