=LDR  00664nas  2200217uu 4500
=000  00568cam\a22001693a\4500
=001  33788
=003  PGUSA
=005  20161217030021.0
=008  100921s2010||||xxu|||||s|||||000\1\por\d
=040  \\ $a PGUSA $b por
=042  \\ $a dc
=050  \4$aPQ
=100  1\ $a Castelo Branco, Camilo, $d 1825-1890
=245  10 $a Estrellas Propícias $h [electronic resource] / $c Camilo Castelo Branco
=260  \\ $b Project Gutenberg, $c 2010
=506  \\ $a Public domain in the USA.
=516  \\ $a Text
=653  \\ $a Portuguese fiction -- 19th century
=830  \0 $a Project Gutenberg $v 33788
=856  40 $u http://www.gutenberg.org/ebooks/33788

