=LDR  00851nas  2200241uu 4500
=000  00568cam\a22001693a\4500
=001  33789
=003  PGUSA
=005  20161217030021.0
=008  100921s2010||||xxu|||||s|||||000\1\eng\d
=040  \\ $a PGUSA $b eng
=042  \\ $a dc
=050  \4$aPT
=100  1\ $a L. C. S., $d 1830-1914
=245  10 $a Barbarossa, and Other Tales $h [electronic resource] / $c L. C. S.
=260  \\ $b Project Gutenberg, $c 2010
=505  0\ $a Barbarossa -- The embroideress of Treviso -- Lottka -- The lost son -- The fair Kate -- Geoffroy and Garcinde.
=506  \\ $a Public domain in the USA.
=516  \\ $a Text
=653  \\ $a Short stories, German -- Translations into English
=653  \\ $a German fiction -- Translations into English
=830  \0 $a Project Gutenberg $v 33789
=856  40 $u http://www.gutenberg.org/ebooks/33789

