=LDR  00762nas  2200253uu 4500
=000  00568cam\a22001693a\4500
=001  33790
=003  PGUSA
=005  20161217030021.0
=008  100921s2010||||xxu|||||s|||||000\1\eng\d
=040  \\ $a PGUSA $b eng
=042  \\ $a dc
=050  \4$aPS
=100  1\ $a De Vet, Charles V. $q (Charles Vincent), $d 1911-1997
=245  10 $a Delayed Action $h [electronic resource] / $c Charles V. De Vet
=260  \\ $b Project Gutenberg, $c 2010
=506  \\ $a Public domain in the USA.
=516  \\ $a Text
=653  \\ $a Time travel -- Fiction
=653  \\ $a Short stories
=653  \\ $a Science fiction
=653  \\ $a Robbery -- Fiction
=830  \0 $a Project Gutenberg $v 33790
=856  40 $u http://www.gutenberg.org/ebooks/33790

