=LDR  00743nas  2200229uu 4500
=000  00568cam\a22001693a\4500
=001  33791
=003  PGUSA
=005  20161217030021.0
=008  100921s2010||||xxu|||||s|||||000\|\swe\d
=040  \\ $a PGUSA $b swe
=042  \\ $a dc
=050  \4$aBX
=050  \4$aDL
=100  1\ $a Stjernstedt, Georg, $d 1876-1963
=245  10 $a Rättigheter och Skyldigheter gentemot Statskyrkan : $b $b En hjälpreda för svenska medborgare $h [electronic resource] / $c Georg Stjernstedt
=260  \\ $b Project Gutenberg, $c 2010
=506  \\ $a Public domain in the USA.
=516  \\ $a Text
=653  \\ $a Church and state -- Sweden
=830  \0 $a Project Gutenberg $v 33791
=856  40 $u http://www.gutenberg.org/ebooks/33791

