=LDR  00682nas  2200217uu 4500
=000  00568cam\a22001693a\4500
=001  33792
=003  PGUSA
=005  20161217030021.0
=008  100921s2010||||xxu|||||s|||||000\p\eng\d
=040  \\ $a PGUSA $b eng
=042  \\ $a dc
=050  \4$aPQ
=100  1\ $a Sargent, John Singer, $d 1856-1925
=245  10 $a Poems of Emile Verhaeren $h [electronic resource] / $c John Singer Sargent
=260  \\ $b Project Gutenberg, $c 2010
=506  \\ $a Public domain in the USA.
=516  \\ $a Text
=653  \\ $a Belgian poetry (French) -- Translations into English
=830  \0 $a Project Gutenberg $v 33792
=856  40 $u http://www.gutenberg.org/ebooks/33792

