=LDR  00717nas  2200217uu 4500
=000  00568cam\a22001693a\4500
=001  33793
=003  PGUSA
=005  20161217030021.0
=008  100922s2010||||xxu|||||s|||||000\|\eng\d
=040  \\ $a PGUSA $b eng
=042  \\ $a dc
=050  \4$aE151
=100  1\ $a Gabriel, Gilbert W. $q (Gilbert Wolf), $d 1890-1952
=245  14 $a The Seven-Branched Candlestick : $b The Schooldays of Young American Jew $h [electronic resource] / $c Gilbert W. Gabriel
=260  \\ $b Project Gutenberg, $c 2010
=506  \\ $a Public domain in the USA.
=516  \\ $a Text
=653  \\ $a Jews -- United States
=830  \0 $a Project Gutenberg $v 33793
=856  40 $u http://www.gutenberg.org/ebooks/33793

