=LDR  00951nas  2200241uu 4500
=000  00568cam\a22001693a\4500
=001  33796
=003  PGUSA
=005  20161217030021.0
=008  100922s2010||||xxu|||||s|||||000\|\fre\d
=040  \\ $a PGUSA $b fre
=042  \\ $a dc
=050  \4$aDC
=100  1\ $a Fain, Agathon-Jean-François, baron, $d 1778-1837
=245  10 $a Manuscrit de 1814, trouvé dans les voitures impériales prises à Waterloo, contenant l'histoire des six derniers mois du règne de Napoléon $h [electronic resource] / $c Agathon-Jean-François, baron Fain
=260  \\ $b Project Gutenberg, $c 2010
=506  \\ $a Public domain in the USA.
=516  \\ $a Text
=653  \\ $a Napoleon I, Emperor of the French, 1769-1821 -- Contemporaries
=653  \\ $a Wars of Liberation, 1813-1814
=653  \\ $a Napoleon I, Emperor of the French, 1769-1821
=830  \0 $a Project Gutenberg $v 33796
=856  40 $u http://www.gutenberg.org/ebooks/33796

