=LDR  00740nas  2200241uu 4500
=000  00568cam\a22001693a\4500
=001  33799
=003  PGUSA
=005  20161217030021.0
=008  101122s2010||||xxu|||||s|||||000\1\eng\d
=040  \\ $a PGUSA $b eng
=042  \\ $a dc
=050  \4$aPQ
=100  1\ $a Kinney, Margaret West, $d 1872-1928
=240  10 $a Sangre y arena. $l English
=245  14 $a The Blood of the Arena $h [electronic resource] / $c Margaret West Kinney
=260  \\ $b Project Gutenberg, $c 2010
=506  \\ $a Public domain in the USA.
=516  \\ $a Text
=653  \\ $a Bullfighters -- Fiction
=740  0\ $a Sangre y arena. English
=830  \0 $a Project Gutenberg $v 33799
=856  40 $u http://www.gutenberg.org/ebooks/33799

