=LDR  00652nas  2200217uu 4500
=000  00568cam\a22001693a\4500
=001  33802
=003  PGUSA
=005  20161217030021.0
=008  100922s2010||||xxu|||||s|||||000\1\eng\d
=040  \\ $a PGUSA $b eng
=042  \\ $a dc
=050  \4$aPQ
=100  1\ $a Sue, Eugène, $d 1804-1857
=245  14 $a The Mysteries of Paris, Volume 3 of 6 $h [electronic resource] / $c Eugène Sue
=260  \\ $b Project Gutenberg, $c 2010
=506  \\ $a Public domain in the USA.
=516  \\ $a Text
=653  \\ $a Paris (France) -- Fiction
=830  \0 $a Project Gutenberg $v 33802
=856  40 $u http://www.gutenberg.org/ebooks/33802

