=LDR  01091nas  2200289uu 4500
=000  00568cam\a22001693a\4500
=001  33806
=003  PGUSA
=005  20161217030021.0
=008  100923s2010||||xxu|||||s|||||000\1\eng\d
=040  \\ $a PGUSA $b eng
=042  \\ $a dc
=050  \4$aPZ
=100  1\ $a Vandercook, Margaret, $d 1876-
=245  14 $a The Camp Fire Girls Across the Seas $h [electronic resource] / $c Margaret Vandercook
=260  \\ $b Project Gutenberg, $c 2010
=506  \\ $a Public domain in the USA.
=516  \\ $a Text
=653  \\ $a Young women -- Social life and customs -- Juvenile fiction
=653  \\ $a England -- Description and travel -- Juvenile fiction
=653  \\ $a Girls -- Societies and clubs -- Juvenile fiction
=653  \\ $a Voyages and travels -- Juvenile fiction
=653  \\ $a Germany -- Description and travel -- Juvenile fiction
=653  \\ $a Young women -- Societies and clubs -- Juvenile fiction
=653  \\ $a Camp Fire Girls -- Juvenile fiction
=830  \0 $a Project Gutenberg $v 33806
=856  40 $u http://www.gutenberg.org/ebooks/33806

