=LDR  00663nas  2200229uu 4500
=000  00568cam\a22001693a\4500
=001  33808
=003  PGUSA
=005  20161217030021.0
=008  100924s2010||||xxu|||||s|||||000\1\fre\d
=040  \\ $a PGUSA $b fre
=042  \\ $a dc
=050  \4$aPQ
=100  1\ $a Fromentin, Eugène, $d 1820-1876
=245  10 $a Dominique $h [electronic resource] / $c Eugène Fromentin
=260  \\ $b Project Gutenberg, $c 2010
=506  \\ $a Public domain in the USA.
=516  \\ $a Text
=653  \\ $a Friendship -- Fiction
=653  \\ $a Love stories
=830  \0 $a Project Gutenberg $v 33808
=856  40 $u http://www.gutenberg.org/ebooks/33808

