=LDR  00721nas  2200217uu 4500
=000  00568cam\a22001693a\4500
=001  33809
=003  PGUSA
=005  20161217030021.0
=008  100925s2010||||xxu|||||s|||||000\|\spa\d
=040  \\ $a PGUSA $b spa
=042  \\ $a dc
=050  \4$aRX
=100  1\ $a Espanet, Alexis, $d 1811-1886
=245  10 $a Tratado metódico y práctico de Materia Médica y de Terapéutica, tomo primero $h [electronic resource] / $c Alexis Espanet
=260  \\ $b Project Gutenberg, $c 2010
=506  \\ $a Public domain in the USA.
=516  \\ $a Text
=653  \\ $a Homeopathy -- Materia medica and therapeutics
=830  \0 $a Project Gutenberg $v 33809
=856  40 $u http://www.gutenberg.org/ebooks/33809

