=LDR  00783nas  2200229uu 4500
=000  00568cam\a22001693a\4500
=001  33810
=003  PGUSA
=005  20161217030021.0
=008  100926s2010||||xxu|||||s|||||000\|\eng\d
=040  \\ $a PGUSA $b eng
=042  \\ $a dc
=050  \4$aQC
=240  10 $a De magnete. $l English
=245  10 $a On the magnet, magnetick bodies also, and on the great magnet the earth : $b $b a new physiology, demonstrated by many arguments and experiments $h [electronic resource]
=260  \\ $b Project Gutenberg, $c 2010
=506  \\ $a Public domain in the USA.
=516  \\ $a Text
=653  \\ $a Magnetism -- Early works to 1800
=740  0\ $a De magnete. English
=830  \0 $a Project Gutenberg $v 33810
=856  40 $u http://www.gutenberg.org/ebooks/33810

