=LDR  00860nas  2200265uu 4500
=000  00568cam\a22001693a\4500
=001  33811
=003  PGUSA
=005  20161217030021.0
=008  100926s2010||||xxu|||||s|||||000\1\eng\d
=040  \\ $a PGUSA $b eng
=042  \\ $a dc
=050  \4$aPZ
=100  1\ $a Leslie, Madeline, $d 1815-1893
=245  14 $a The Pearl of Love; or, Josey's Gift $h [electronic resource] / $c Madeline Leslie
=260  \\ $b Project Gutenberg, $c 2010
=506  \\ $a Public domain in the USA.
=516  \\ $a Text
=653  \\ $a Love -- Juvenile fiction
=653  \\ $a Families -- Juvenile fiction
=653  \\ $a Christian life -- Juvenile fiction
=653  \\ $a Brothers and sisters -- Juvenile fiction
=653  \\ $a Aunts -- Juvenile fiction
=830  \0 $a Project Gutenberg $v 33811
=856  40 $u http://www.gutenberg.org/ebooks/33811

