=LDR  00765nas  2200229uu 4500
=000  00568cam\a22001693a\4500
=001  33812
=003  PGUSA
=005  20161217030021.0
=008  100926s2010||||xxu|||||s|||||000\|\eng\d
=040  \\ $a PGUSA $b eng
=042  \\ $a dc
=050  \4$aE011
=100  1\ $a Cook, Sherburne Friend, $d 1896-1974
=245  14 $a The Aboriginal Population of the North Coast of California $h [electronic resource] / $c Sherburne Friend Cook
=260  \\ $b Project Gutenberg, $c 2010
=506  \\ $a Public domain in the USA.
=516  \\ $a Text
=653  \\ $a Indians of North America -- California
=653  \\ $a Indians of North America -- Statistics
=830  \0 $a Project Gutenberg $v 33812
=856  40 $u http://www.gutenberg.org/ebooks/33812

