=LDR  01024nas  2200253uu 4500
=000  00568cam\a22001693a\4500
=001  33813
=003  PGUSA
=005  20161217030021.0
=008  100926s2010||||xxu|||||s|||||000\1\eng\d
=040  \\ $a PGUSA $b eng
=042  \\ $a dc
=050  \4$aPS
=100  1\ $a Woolson, Constance Fenimore, $d 1840-1894
=245  10 $a Rodman the Keeper : $b Southern Sketches $h [electronic resource] / $c Constance Fenimore Woolson
=260  \\ $b Project Gutenberg, $c 2010
=505  0\ $a Rodman the Keeper -- Sister St. Luke -- Miss Elizabetha -- Old Gardiston -- The South Devil -- In the Cotton Country -- Felipa -- "Bro." -- King David -- Up in the Blue Ridge
=506  \\ $a Public domain in the USA.
=516  \\ $a Text
=653  \\ $a Short stories
=653  \\ $a United States -- Social life and customs -- 19th century -- Fiction
=653  \\ $a Southern States -- Social life and customs -- Fiction
=830  \0 $a Project Gutenberg $v 33813
=856  40 $u http://www.gutenberg.org/ebooks/33813

