=LDR  00711nas  2200229uu 4500
=000  00568cam\a22001693a\4500
=001  33814
=003  PGUSA
=005  20161217030021.0
=008  100927s2010||||xxu|||||s|||||000\1\eng\d
=040  \\ $a PGUSA $b eng
=042  \\ $a dc
=050  \4$aPS
=100  1\ $a Paine, Albert Bigelow, $d 1861-1937
=245  14 $a The Mystery of Evelin Delorme : $b A Hypnotic Story $h [electronic resource] / $c Albert Bigelow Paine
=260  \\ $b Project Gutenberg, $c 2010
=506  \\ $a Public domain in the USA.
=516  \\ $a Text
=653  \\ $a Paranormal fiction
=653  \\ $a Fantasy fiction
=830  \0 $a Project Gutenberg $v 33814
=856  40 $u http://www.gutenberg.org/ebooks/33814

