=LDR  00839nas  2200265uu 4500
=000  00568cam\a22001693a\4500
=001  33815
=003  PGUSA
=005  20161217030021.0
=008  100927s2010||||xxu|||||s|||||000\|\eng\d
=040  \\ $a PGUSA $b eng
=042  \\ $a dc
=050  \4$aB
=050  \4$aPL
=100  1\ $a Jennings, William, $d 1847-1927
=240  10 $a Lun yü. Selections. $l English
=245  14 $a The Wisdom of Confucius : $b $b with Critical and Biographical Sketches $h [electronic resource] / $c William Jennings
=260  \\ $b Project Gutenberg, $c 2010
=506  \\ $a Public domain in the USA.
=516  \\ $a Text
=653  \\ $a Philosophy, Chinese
=653  \\ $a Ethics -- China
=740  0\ $a Lun yü. Selections. English
=830  \0 $a Project Gutenberg $v 33815
=856  40 $u http://www.gutenberg.org/ebooks/33815

