=LDR  00785nas  2200217uu 4500
=000  00568cam\a22001693a\4500
=001  33816
=003  PGUSA
=005  20161217030021.0
=008  100927s2010||||xxu|||||s|||||000\1\eng\d
=040  \\ $a PGUSA $b eng
=042  \\ $a dc
=050  \4$aPZ
=100  1\ $a Condé, J. M., $d 1861-1937
=245  14 $a The Hollow Tree and Deep Woods Book : $b $b being a new edition in one volume of "The Hollow Tree" and "In The Deep Woods" with several new stories and pictures added $h [electronic resource] / $c J. M. Condé
=260  \\ $b Project Gutenberg, $c 2010
=506  \\ $a Public domain in the USA.
=516  \\ $a Text
=653  \\ $a Animals -- Juvenile fiction
=830  \0 $a Project Gutenberg $v 33816
=856  40 $u http://www.gutenberg.org/ebooks/33816

