=LDR  00756nas  2200217uu 4500
=000  00568cam\a22001693a\4500
=001  33817
=003  PGUSA
=005  20161217030021.0
=008  100928s2010||||xxu|||||s|||||000\|\por\d
=040  \\ $a PGUSA $b por
=042  \\ $a dc
=050  \4$aL
=100  1\ $a Telles, João José de Sousa, $d 1826-1903
=245  10 $a Ensino intuitivo : $b $b livro destinado às mães e paes de familia e às professoras e professores de instrucção primária $h [electronic resource] / $c João José de Sousa Telles
=260  \\ $b Project Gutenberg, $c 2010
=506  \\ $a Public domain in the USA.
=516  \\ $a Text
=653  \\ $a Education
=830  \0 $a Project Gutenberg $v 33817
=856  40 $u http://www.gutenberg.org/ebooks/33817

