=LDR  00831nas  2200241uu 4500
=000  00568cam\a22001693a\4500
=001  33819
=003  PGUSA
=005  20161217030021.0
=008  100929s2010||||xxu|||||s|||||000\|\eng\d
=040  \\ $a PGUSA $b eng
=042  \\ $a dc
=050  \4$aDD
=100  1\ $a Malcolm, $c Mrs $q (Georgina), $d 1816-1895
=245  10 $a Pictures of German Life in the XVIIIth and XIXth Centuries, Vol. II. $h [electronic resource] / $c Malcolm,
=260  \\ $b Project Gutenberg, $c 2010
=506  \\ $a Public domain in the USA.
=516  \\ $a Text
=653  \\ $a Germany -- Social life and customs
=653  \\ $a Germany -- Civilization
=740  0\ $a Pictures of German Life in the 18th and 19th Centuries, Vol. II.
=830  \0 $a Project Gutenberg $v 33819
=856  40 $u http://www.gutenberg.org/ebooks/33819

