=LDR  00754nas  2200217uu 4500
=000  00568cam\a22001693a\4500
=001  33820
=003  PGUSA
=005  20161217030021.0
=008  100930s2010||||xxu|||||s|||||000\|\eng\d
=040  \\ $a PGUSA $b eng
=042  \\ $a dc
=050  \4$aNA
=100  1\ $a Wyatt, M. Digby, $c Sir $q (Matthew Digby), $d 1820-1877
=245  13 $a An Architect's Note-Book in Spain : $b $b principally illustrating the domestic architecture of that country. $h [electronic resource] / $c M. Digby, Wyatt
=260  \\ $b Project Gutenberg, $c 2010
=506  \\ $a Public domain in the USA.
=516  \\ $a Text
=653  \\ $a Architecture -- Spain
=830  \0 $a Project Gutenberg $v 33820
=856  40 $u http://www.gutenberg.org/ebooks/33820

