=LDR  00721nas  2200217uu 4500
=000  00568cam\a22001693a\4500
=001  33822
=003  PGUSA
=005  20161217030021.0
=008  101001s2010||||xxu|||||s|||||000\|\dut\d
=040  \\ $a PGUSA $b dut
=042  \\ $a dc
=050  \4$aDJ
=100  1\ $a Andriessen, P. J. $q (Pieter Jacob), $d 1815-1877
=245  10 $a Geschiedenis van het tijdperk van 25-jarigen vrede : $b 1849-1874 $h [electronic resource] / $c P. J. Andriessen
=260  \\ $b Project Gutenberg, $c 2010
=506  \\ $a Public domain in the USA.
=516  \\ $a Text
=653  \\ $a Netherlands -- History -- 19th century
=830  \0 $a Project Gutenberg $v 33822
=856  40 $u http://www.gutenberg.org/ebooks/33822

