=LDR  00678nas  2200229uu 4500
=000  00568cam\a22001693a\4500
=001  33824
=003  PGUSA
=005  20161217030021.0
=008  101001s2010||||xxu|||||s|||||000\|\eng\d
=040  \\ $a PGUSA $b eng
=042  \\ $a dc
=050  \4$aPN
=245  10 $a Mr. Punch's After-Dinner Stories $h [electronic resource]
=260  \\ $b Project Gutenberg, $c 2010
=506  \\ $a Public domain in the USA.
=516  \\ $a Text
=653  \\ $a Dinners and dining -- Humor
=653  \\ $a English wit and humor
=653  \\ $a English wit and humor, Pictorial
=830  \0 $a Project Gutenberg $v 33824
=856  40 $u http://www.gutenberg.org/ebooks/33824

