=LDR  00619nas  2200217uu 4500
=000  00568cam\a22001693a\4500
=001  33825
=003  PGUSA
=005  20161217030021.0
=008  101001s2010||||xxu|||||s|||||000\|\eng\d
=040  \\ $a PGUSA $b eng
=042  \\ $a dc
=050  \4$aBL
=100  1\ $a Lewis, Joseph, $d 1889-1968
=245  13 $a An Atheist Manifesto $h [electronic resource] / $c Joseph Lewis
=260  \\ $b Project Gutenberg, $c 2010
=506  \\ $a Public domain in the USA.
=516  \\ $a Text
=653  \\ $a Atheism
=830  \0 $a Project Gutenberg $v 33825
=856  40 $u http://www.gutenberg.org/ebooks/33825

