=LDR  00688nas  2200217uu 4500
=000  00568cam\a22001693a\4500
=001  33826
=003  PGUSA
=005  20161217030021.0
=008  101001s2010||||xxu|||||s|||||000\|\eng\d
=040  \\ $a PGUSA $b eng
=042  \\ $a dc
=050  \4$aPE
=100  1\ $a Ashbaugh, Ernest J. $q (Ernest James), $d 1883-1967
=245  10 $a Lippincott's Horn-Ashbaugh Speller For Grades One to Eight $h [electronic resource] / $c Ernest J. Ashbaugh
=260  \\ $b Project Gutenberg, $c 2010
=506  \\ $a Public domain in the USA.
=516  \\ $a Text
=653  \\ $a Spellers
=830  \0 $a Project Gutenberg $v 33826
=856  40 $u http://www.gutenberg.org/ebooks/33826

