=LDR  00704nas  2200217uu 4500
=000  00568cam\a22001693a\4500
=001  33827
=003  PGUSA
=005  20161217030021.0
=008  101001s2010||||xxu|||||s|||||000\1\ger\d
=040  \\ $a PGUSA $b ger
=042  \\ $a dc
=050  \4$aPT
=100  1\ $a Huch, Ricarda Octavia, $d 1864-1947
=245  14 $a Das Judengrab; Aus Bimbos Seelenwanderungen : $b Zwei Erzählungen $h [electronic resource] / $c Ricarda Octavia Huch
=260  \\ $b Project Gutenberg, $c 2010
=506  \\ $a Public domain in the USA.
=516  \\ $a Text
=653  \\ $a German fiction -- 20th century
=830  \0 $a Project Gutenberg $v 33827
=856  40 $u http://www.gutenberg.org/ebooks/33827

