=LDR  00825nas  2200229uu 4500
=000  00568cam\a22001693a\4500
=001  33828
=003  PGUSA
=005  20161217030021.0
=008  101001s2010||||xxu|||||s|||||000\|\eng\d
=040  \\ $a PGUSA $b eng
=042  \\ $a dc
=050  \4$aZ
=100  1\ $a Hamilton, Frederick W. $q (Frederick William), $d 1860-1940
=245  10 $a Abbreviations and Signs : $b $b A Primer of Information about Abbreviations and Signs, with Classified Lists of Those in Most Common Use $h [electronic resource] / $c Frederick W. Hamilton
=260  \\ $b Project Gutenberg, $c 2010
=506  \\ $a Public domain in the USA.
=516  \\ $a Text
=653  \\ $a Printing -- Style manuals
=653  \\ $a Abbreviations
=830  \0 $a Project Gutenberg $v 33828
=856  40 $u http://www.gutenberg.org/ebooks/33828

