=LDR  00745nas  2200241uu 4500
=000  00568cam\a22001693a\4500
=001  33829
=003  PGUSA
=005  20161217030021.0
=008  101002s2010||||xxu|||||s|||||000\1\eng\d
=040  \\ $a PGUSA $b eng
=042  \\ $a dc
=050  \4$aPS
=100  1\ $a McConnell, Walter Caruth, $d 1870-
=245  14 $a The Nightriders' Feud $h [electronic resource] / $c Walter Caruth McConnell
=260  \\ $b Project Gutenberg, $c 2010
=506  \\ $a Public domain in the USA.
=516  \\ $a Text
=653  \\ $a Night Riders (Group) -- Fiction
=653  \\ $a Tobacco farmers -- Fiction
=653  \\ $a Kentucky -- Fiction
=830  \0 $a Project Gutenberg $v 33829
=856  40 $u http://www.gutenberg.org/ebooks/33829

