=LDR  00731nas  2200217uu 4500
=000  00568cam\a22001693a\4500
=001  33830
=003  PGUSA
=005  20161217030021.0
=008  101002s2010||||xxu|||||s|||||000\|\eng\d
=040  \\ $a PGUSA $b eng
=042  \\ $a dc
=050  \4$aSF
=100  1\ $a Harding, A. R. $q (Arthur Robert), $d 1871-1930
=245  10 $a Fur Farming : $b $b A book of Information about Fur Bearing Animals, Enclosures, Habits, Care, etc. $h [electronic resource] / $c A. R. Harding
=260  \\ $b Project Gutenberg, $c 2010
=506  \\ $a Public domain in the USA.
=516  \\ $a Text
=653  \\ $a Fur-bearing animals
=830  \0 $a Project Gutenberg $v 33830
=856  40 $u http://www.gutenberg.org/ebooks/33830

