=LDR  00665nas  2200217uu 4500
=000  00568cam\a22001693a\4500
=001  33831
=003  PGUSA
=005  20161217030021.0
=008  101002s2010||||xxu|||||s|||||000\|\eng\d
=040  \\ $a PGUSA $b eng
=042  \\ $a dc
=050  \4$aF106
=100  1\ $a Evans, Charles, $d 1802-1879
=245  12 $a A Concise Biographical Sketch of William Penn $h [electronic resource] / $c Charles Evans
=260  \\ $b Project Gutenberg, $c 2010
=506  \\ $a Public domain in the USA.
=516  \\ $a Text
=653  \\ $a Penn, William, 1644-1718
=830  \0 $a Project Gutenberg $v 33831
=856  40 $u http://www.gutenberg.org/ebooks/33831

