=LDR  00652nas  2200217uu 4500
=000  00568cam\a22001693a\4500
=001  33833
=003  PGUSA
=005  20161217030021.0
=008  101003s2010||||xxu|||||s|||||000\|\eng\d
=040  \\ $a PGUSA $b eng
=042  \\ $a dc
=050  \4$aDP
=100  1\ $a Wood, Charles W. $q (Charles William)
=245  10 $a Glories of Spain $h [electronic resource] / $c Charles W. Wood
=260  \\ $b Project Gutenberg, $c 2010
=506  \\ $a Public domain in the USA.
=516  \\ $a Text
=653  \\ $a Spain -- Description and travel
=830  \0 $a Project Gutenberg $v 33833
=856  40 $u http://www.gutenberg.org/ebooks/33833

