=LDR  00778nas  2200229uu 4500
=000  00568cam\a22001693a\4500
=001  33834
=003  PGUSA
=005  20161217030021.0
=008  101003s2010||||xxu|||||s|||||000\1\eng\d
=040  \\ $a PGUSA $b eng
=042  \\ $a dc
=050  \4$aPZ
=100  1\ $a Beach, Charles Amory, $d 1873-1954
=245  10 $a Air Service Boys Over The Rhine; Or, Fighting Above The Clouds $h [electronic resource] / $c Charles Amory Beach
=260  \\ $b Project Gutenberg, $c 2010
=506  \\ $a Public domain in the USA.
=516  \\ $a Text
=653  \\ $a Air pilots -- Juvenile fiction
=653  \\ $a World War, 1914-1918 -- Aerial operations -- Juvenile fiction
=830  \0 $a Project Gutenberg $v 33834
=856  40 $u http://www.gutenberg.org/ebooks/33834

