=LDR  00738nas  2200217uu 4500
=000  00568cam\a22001693a\4500
=001  33835
=003  PGUSA
=005  20161217030021.0
=008  101003s2010||||xxu|||||s|||||000\|\eng\d
=040  \\ $a PGUSA $b eng
=042  \\ $a dc
=050  \4$aG
=100  1\ $a Dunham, Jacob, $d 1779-
=245  10 $a Journal of Voyages : $b $b Containing an Account of the Author's being Twice Captured by the English and Once by Gibbs the Pirate... $h [electronic resource] / $c Jacob Dunham
=260  \\ $b Project Gutenberg, $c 2010
=506  \\ $a Public domain in the USA.
=516  \\ $a Text
=653  \\ $a Voyages and travels
=830  \0 $a Project Gutenberg $v 33835
=856  40 $u http://www.gutenberg.org/ebooks/33835

