=LDR  00877nas  2200229uu 4500
=000  00568cam\a22001693a\4500
=001  33836
=003  PGUSA
=005  20161217030021.0
=008  101003s2010||||xxu|||||s|||||000\|\eng\d
=040  \\ $a PGUSA $b eng
=042  \\ $a dc
=050  \4$aBX
=100  1\ $a Dallas, Robert Charles, $d 1754-1824
=245  14 $a The New Conspiracy Against the Jesuits Detected and Briefly Exposed : $b $b with a short account of their institute; and observations on the danger of systems of education independent of religion $h [electronic resource] / $c Robert Charles Dallas
=260  \\ $b Project Gutenberg, $c 2010
=506  \\ $a Public domain in the USA.
=516  \\ $a Text
=653  \\ $a Jesuits -- History
=653  \\ $a Jesuits -- Controversial Literature
=830  \0 $a Project Gutenberg $v 33836
=856  40 $u http://www.gutenberg.org/ebooks/33836

