=LDR  00790nas  2200253uu 4500
=000  00568cam\a22001693a\4500
=001  33837
=003  PGUSA
=005  20161217030021.0
=008  101003s2010||||xxu|||||s|||||000\|\eng\d
=040  \\ $a PGUSA $b eng
=042  \\ $a dc
=050  \4$aNA
=100  1\ $a Poynter, Edward John, $d 1836-1919
=245  10 $a Architecture : $b Gothic and Renaissance $h [electronic resource] / $c Edward John Poynter
=260  \\ $b Project Gutenberg, $c 2010
=506  \\ $a Public domain in the USA.
=516  \\ $a Text
=653  \\ $a Church architecture
=653  \\ $a Architecture, Gothic
=653  \\ $a Architecture -- History
=653  \\ $a Architecture, Renaissance
=830  \0 $a Project Gutenberg $v 33837
=856  40 $u http://www.gutenberg.org/ebooks/33837

