=LDR  00867nas  2200241uu 4500
=000  00568cam\a22001693a\4500
=001  33838
=003  PGUSA
=005  20161217030021.0
=008  101003s2010||||xxu|||||s|||||000\|\|||\d
=040  \\ $a PGUSA $b $
=042  \\ $a dc
=050  \4$aQL
=100  1\ $a Capello, Felix Antonio de Brito, $d 1828-1879
=245  10 $a Descripção de algumas especies novas ou pouco conhecidas de crustaceos : $b $b e arachnidios de Portugal e possessões portuguezas do ultramar $h [electronic resource] / $c Felix Antonio de Brito Capello
=260  \\ $b Project Gutenberg, $c 2010
=506  \\ $a Public domain in the USA.
=516  \\ $a Text
=653  \\ $a Crustacea -- Angola
=653  \\ $a Arachnida -- Angola
=653  \\ $a Crustacea -- Portugal
=830  \0 $a Project Gutenberg $v 33838
=856  40 $u http://www.gutenberg.org/ebooks/33838

