=LDR  01985nas  2200301uu 4500
=000  00568cam\a22001693a\4500
=001  33841
=003  PGUSA
=005  20161217030021.0
=008  101006s2010||||xxu|||||s|||||000\|\eng\d
=040  \\ $a PGUSA $b eng
=042  \\ $a dc
=050  \4$aD501
=245  10 $a History of Ambulance Company Number 139 $h [electronic resource] / $c Various
=260  \\ $b Project Gutenberg, $c 2010
=500  \\ $a Written by members of the company.
=505  0\ $a Organization of Ambulance Company 139 -- Life at Camp Hoel -- Training at Camp Doniphan -- Departure from Camp Doniphan -- The trip across the Atlantic -- Our flying trip through England -- From Southampton to Le Havre -- Our trip through France to Eloyes -- In action on the Wesserling sector -- Ventron -- Le Collet -- The march from Luneville to Benney -- Benney to five trenches -- From five trenches to Senard -- Meuse-Argonne offensive -- Citations and casualties -- The stay in Vaubecourt -- The Verdun front -- Move toward Metz and the armistice -- The first replacements -- Furloughs: Grenoble -- La Bourboule -- The Furloughs at Aix-Les-Baines -- Trip to Marseilles -- A casual in the S.O.S. -- Pershing reviews the 35th Division -- From Cousances to Aulnois -- The home going -- From Aulnois to "civies" -- Fickle women -- Company roster.
=506  \\ $a Public domain in the USA.
=516  \\ $a Text
=653  \\ $a United States. Army. Ambulance Company, 139th -- History
=653  \\ $a United States. Army -- Transport of sick and wounded
=653  \\ $a World War, 1914-1918 -- Medical care -- United States
=653  \\ $a United States. Army -- Medical personnel
=653  \\ $a United States. Army. Division, 35th -- History
=653  \\ $a World War, 1914-1918 -- Regimental histories -- United States
=653  \\ $a United States. Army. Ambulance Company, 139th -- Directories
=830  \0 $a Project Gutenberg $v 33841
=856  40 $u http://www.gutenberg.org/ebooks/33841

