=LDR  00706nas  2200241uu 4500
=000  00568cam\a22001693a\4500
=001  33842
=003  PGUSA
=005  20161217030021.0
=008  101006s2010||||xxu|||||s|||||000\1\eng\d
=040  \\ $a PGUSA $b eng
=042  \\ $a dc
=050  \4$aPS
=100  1\ $a Walton, Bryce, $d 1918-1988
=245  10 $a By Earthlight $h [electronic resource] / $c Bryce Walton
=260  \\ $b Project Gutenberg, $c 2010
=506  \\ $a Public domain in the USA.
=516  \\ $a Text
=653  \\ $a Science fiction
=653  \\ $a Space flight to the moon -- Fiction
=653  \\ $a Short stories
=830  \0 $a Project Gutenberg $v 33842
=856  40 $u http://www.gutenberg.org/ebooks/33842

