=LDR  00811nas  2200241uu 4500
=000  00568cam\a22001693a\4500
=001  33844
=003  PGUSA
=005  20161217030021.0
=008  101007s2010||||xxu|||||s|||||000\|\eng\d
=040  \\ $a PGUSA $b eng
=042  \\ $a dc
=050  \4$aSB
=100  1\ $a Lyon, William Scrugham, $d 1852-1916
=245  14 $a The Cocoanut : $b With reference to its products and cultivation in the Philippines $h [electronic resource] / $c William Scrugham Lyon
=260  \\ $b Project Gutenberg, $c 2010
=506  \\ $a Public domain in the USA.
=516  \\ $a Text
=653  \\ $a Coconut palm -- Philippines
=653  \\ $a Coconut products -- Philippines
=653  \\ $a Coconut -- Philippines
=830  \0 $a Project Gutenberg $v 33844
=856  40 $u http://www.gutenberg.org/ebooks/33844

