=LDR  00706nas  2200217uu 4500
=000  00568cam\a22001693a\4500
=001  33845
=003  PGUSA
=005  20161217030021.0
=008  101007s2010||||xxu|||||s|||||000\1\eng\d
=040  \\ $a PGUSA $b eng
=042  \\ $a dc
=050  \4$aPR
=100  1\ $a Williamson, A. M. $q (Alice Muriel), $d 1869-1933
=245  14 $a The Lightning Conductor : $b The Strange Adventures of a Motor-Car $h [electronic resource] / $c A. M. Williamson
=260  \\ $b Project Gutenberg, $c 2010
=506  \\ $a Public domain in the USA.
=516  \\ $a Text
=653  \\ $a Automobiles -- Fiction
=830  \0 $a Project Gutenberg $v 33845
=856  40 $u http://www.gutenberg.org/ebooks/33845

