=LDR  00705nas  2200229uu 4500
=000  00568cam\a22001693a\4500
=001  33847
=003  PGUSA
=005  20161217030021.0
=008  101008s2010||||xxu|||||s|||||000\|\eng\d
=040  \\ $a PGUSA $b eng
=042  \\ $a dc
=050  \4$aF1751
=100  1\ $a Johnson, Willis Fletcher, $d 1857-1931
=245  14 $a The History of Cuba, vol. 1 $h [electronic resource] / $c Willis Fletcher Johnson
=260  \\ $b Project Gutenberg, $c 2010
=506  \\ $a Public domain in the USA.
=516  \\ $a Text
=653  \\ $a Cuba -- Economic conditions
=653  \\ $a Cuba -- History
=830  \0 $a Project Gutenberg $v 33847
=856  40 $u http://www.gutenberg.org/ebooks/33847

