=LDR  00887nas  2200253uu 4500
=000  00568cam\a22001693a\4500
=001  33849
=003  PGUSA
=005  20161217030021.0
=008  101010s2010||||xxu|||||s|||||000\|\lat\d
=040  \\ $a PGUSA $b lat
=042  \\ $a dc
=050  \4$aBR
=100  1\ $a Augustine,, Bishop of Hippo $c Saint, $d 354-430
=245  10 $a Confessiones $h [electronic resource] / $c Bishop of Hippo Augustine,
=260  \\ $b Project Gutenberg, $c 2010
=506  \\ $a Public domain in the USA.
=516  \\ $a Text
=653  \\ $a Bishops -- Algeria -- Hippo (Extinct city) -- Biography
=653  \\ $a Catholic Church -- Bishops -- Biography
=653  \\ $a Augustine, Saint, Bishop of Hippo
=653  \\ $a Christian saints -- Algeria -- Hippo (Extinct city) -- Biography
=830  \0 $a Project Gutenberg $v 33849
=856  40 $u http://www.gutenberg.org/ebooks/33849

