=LDR  00651nas  2200229uu 4500
=000  00568cam\a22001693a\4500
=001  33850
=003  PGUSA
=005  20161217030021.0
=008  101010s2010||||xxu|||||s|||||000\1\eng\d
=040  \\ $a PGUSA $b eng
=042  \\ $a dc
=050  \4$aPS
=100  1\ $a Bixby, Jerome, $d 1923-1998
=245  14 $a The Slizzers $h [electronic resource] / $c Jerome Bixby
=260  \\ $b Project Gutenberg, $c 2010
=506  \\ $a Public domain in the USA.
=516  \\ $a Text
=653  \\ $a Science fiction
=653  \\ $a Short stories
=830  \0 $a Project Gutenberg $v 33850
=856  40 $u http://www.gutenberg.org/ebooks/33850

