=LDR  00612nas  2200205uu 4500
=000  00568cam\a22001693a\4500
=001  33851
=003  PGUSA
=005  20161217030021.0
=008  101010s2010||||xxu|||||s|||||000\|\fre\d
=040  \\ $a PGUSA $b fre
=042  \\ $a dc
=050  \4$aAP
=245  12 $a L'Illustration, No. 0004, 25 Mars 1843 $h [electronic resource] / $c Various
=260  \\ $b Project Gutenberg, $c 2010
=506  \\ $a Public domain in the USA.
=516  \\ $a Text
=653  \\ $a Illustrated periodicals -- France
=830  \0 $a Project Gutenberg $v 33851
=856  40 $u http://www.gutenberg.org/ebooks/33851

