=LDR  00716nas  2200217uu 4500
=000  00568cam\a22001693a\4500
=001  33852
=003  PGUSA
=005  20161217030021.0
=008  101011s2010||||xxu|||||s|||||000\|\eng\d
=040  \\ $a PGUSA $b eng
=042  \\ $a dc
=050  \4$aQL
=100  1\ $a Coleman, W. S. $q (William Stephen), $d 1829-1904
=245  10 $a British Butterflies : $b Figures and Descriptions of Every Native Species $h [electronic resource] / $c W. S. Coleman
=260  \\ $b Project Gutenberg, $c 2010
=506  \\ $a Public domain in the USA.
=516  \\ $a Text
=653  \\ $a Butterflies -- Great Britain
=830  \0 $a Project Gutenberg $v 33852
=856  40 $u http://www.gutenberg.org/ebooks/33852

