=LDR  00742nas  2200241uu 4500
=000  00568cam\a22001693a\4500
=001  33853
=003  PGUSA
=005  20161217030021.0
=008  101011s2010||||xxu|||||s|||||000\1\eng\d
=040  \\ $a PGUSA $b eng
=042  \\ $a dc
=050  \4$aPZ
=100  1\ $a Raymond, Evelyn, $d 1843-1910
=245  10 $a Jessica Trent : $b Her Life on a Ranch $h [electronic resource] / $c Evelyn Raymond
=260  \\ $b Project Gutenberg, $c 2010
=506  \\ $a Public domain in the USA.
=516  \\ $a Text
=653  \\ $a Girls -- Juvenile fiction
=653  \\ $a Mystery fiction
=653  \\ $a Ranch life -- Juvenile fiction
=830  \0 $a Project Gutenberg $v 33853
=856  40 $u http://www.gutenberg.org/ebooks/33853

