=LDR  00718nas  2200241uu 4500
=000  00568cam\a22001693a\4500
=001  33854
=003  PGUSA
=005  20161217030021.0
=008  101011s2010||||xxu|||||s|||||000\1\eng\d
=040  \\ $a PGUSA $b eng
=042  \\ $a dc
=050  \4$aPS
=100  1\ $a Sheckley, Robert, $d 1928-2005
=245  10 $a Ask a Foolish Question $h [electronic resource] / $c Robert Sheckley
=260  \\ $b Project Gutenberg, $c 2010
=506  \\ $a Public domain in the USA.
=516  \\ $a Text
=653  \\ $a Science fiction
=653  \\ $a Questions and answers -- Fiction
=653  \\ $a Short stories
=830  \0 $a Project Gutenberg $v 33854
=856  40 $u http://www.gutenberg.org/ebooks/33854

