=LDR  00637nas  2200217uu 4500
=000  00568cam\a22001693a\4500
=001  33855
=003  PGUSA
=005  20161217030021.0
=008  101012s2010||||xxu|||||s|||||000\p\eng\d
=040  \\ $a PGUSA $b eng
=042  \\ $a dc
=050  \4$aPR
=100  1\ $a Chesterton, G. K. $q (Gilbert Keith), $d 1874-1936
=245  10 $a Provocations $h [electronic resource] / $c G. K. Chesterton
=260  \\ $b Project Gutenberg, $c 2010
=506  \\ $a Public domain in the USA.
=516  \\ $a Text
=653  \\ $a Poetry
=830  \0 $a Project Gutenberg $v 33855
=856  40 $u http://www.gutenberg.org/ebooks/33855

