=LDR  00863nas  2200253uu 4500
=000  00568cam\a22001693a\4500
=001  33856
=003  PGUSA
=005  20161217030021.0
=008  101012s2010||||xxu|||||s|||||000\1\fre\d
=040  \\ $a PGUSA $b fre
=042  \\ $a dc
=050  \4$aPQ
=100  1\ $a Montesquieu, Charles de Secondat, baron de, $d 1689-1755
=245  10 $a Lettres persanes, tome II $h [electronic resource] / $c Charles de Secondat, baron de Montesquieu
=260  \\ $b Project Gutenberg, $c 2010
=506  \\ $a Public domain in the USA.
=516  \\ $a Text
=653  \\ $a East and West -- Fiction
=653  \\ $a Europe -- Social life and customs -- 18th century -- Fiction
=653  \\ $a Iranians -- Europe -- Fiction
=653  \\ $a Epistolary fiction
=830  \0 $a Project Gutenberg $v 33856
=856  40 $u http://www.gutenberg.org/ebooks/33856

