=LDR  00780nas  2200241uu 4500
=000  00568cam\a22001693a\4500
=001  33857
=003  PGUSA
=005  20161217030021.0
=008  101014s2010||||xxu|||||s|||||000\1\eng\d
=040  \\ $a PGUSA $b eng
=042  \\ $a dc
=050  \4$aPT
=100  1\ $a Freytag, Gustav, $d 1816-1895
=240  10 $a Die verlorene handschrift. $l English
=245  14 $a The Lost Manuscript : $b A Novel $h [electronic resource] / $c Gustav Freytag
=260  \\ $b Project Gutenberg, $c 2010
=506  \\ $a Public domain in the USA.
=516  \\ $a Text
=653  \\ $a German fiction -- Translations into English
=740  0\ $a Die verlorene handschrift. English
=830  \0 $a Project Gutenberg $v 33857
=856  40 $u http://www.gutenberg.org/ebooks/33857

