=LDR  00880nas  2200229uu 4500
=000  00568cam\a22001693a\4500
=001  33858
=003  PGUSA
=005  20161217030021.0
=008  101014s2010||||xxu|||||s|||||000\1\eng\d
=040  \\ $a PGUSA $b eng
=042  \\ $a dc
=050  \4$aPT
=100  1\ $a Grimmelshausen, Hans Jacob Christoph von, $d 1621-1676
=245  14 $a The Adventurous Simplicissimus : $b $b being the description of the Life of a Strange vagabond named Melchior Sternfels von Fuchshaim $h [electronic resource] / $c Hans Jacob Christoph von Grimmelshausen
=260  \\ $b Project Gutenberg, $c 2010
=506  \\ $a Public domain in the USA.
=516  \\ $a Text
=653  \\ $a Thirty Years' War, 1618-1648 -- Fiction
=653  \\ $a German fiction -- Translations into English
=830  \0 $a Project Gutenberg $v 33858
=856  40 $u http://www.gutenberg.org/ebooks/33858

