=LDR  00674nas  2200229uu 4500
=000  00568cam\a22001693a\4500
=001  33859
=003  PGUSA
=005  20161217030021.0
=008  101015s2010||||xxu|||||s|||||000\|\eng\d
=040  \\ $a PGUSA $b eng
=042  \\ $a dc
=050  \4$aQH
=100  1\ $a Gerard, John, $d 1840-1912
=245  14 $a The Old Riddle and the Newest Answer $h [electronic resource] / $c John Gerard
=260  \\ $b Project Gutenberg, $c 2010
=506  \\ $a Public domain in the USA.
=516  \\ $a Text
=653  \\ $a Evolution
=653  \\ $a Religion and science
=830  \0 $a Project Gutenberg $v 33859
=856  40 $u http://www.gutenberg.org/ebooks/33859

