=LDR  00849nas  2200241uu 4500
=000  00568cam\a22001693a\4500
=001  33860
=003  PGUSA
=005  20161217030021.0
=008  101015s2010||||xxu|||||s|||||000\|\eng\d
=040  \\ $a PGUSA $b eng
=042  \\ $a dc
=050  \4$aLB
=100  1\ $a Finn, Elizabeth Anne McCaul, $d 1825-1921
=245  14 $a The Autobiography of Thomas Platter, a schoolmaster of the sixteenth century. $h [electronic resource] / $c Elizabeth Anne McCaul Finn
=260  \\ $b Project Gutenberg, $c 2010
=506  \\ $a Public domain in the USA.
=516  \\ $a Text
=653  \\ $a Educators -- Switzerland -- Biography
=653  \\ $a Platter, Thomas, 1499-1582
=653  \\ $a Education -- Switzerland -- History -- 16th century
=830  \0 $a Project Gutenberg $v 33860
=856  40 $u http://www.gutenberg.org/ebooks/33860

