=LDR  00851nas  2200229uu 4500
=000  00568cam\a22001693a\4500
=001  33861
=003  PGUSA
=005  20161217030021.0
=008  101015s2010||||xxu|||||s|||||000\|\fre\d
=040  \\ $a PGUSA $b fre
=042  \\ $a dc
=050  \4$aDC
=100  1\ $a Marmont, Auguste Frédéric Louis Viesse de, duc de Raguse, $d 1774-1852
=245  10 $a Mémoires du maréchal Marmont, duc de Raguse (6/9) $h [electronic resource] / $c Auguste Frédéric Louis Viesse de, duc de Raguse Marmont
=260  \\ $b Project Gutenberg, $c 2010
=506  \\ $a Public domain in the USA.
=516  \\ $a Text
=653  \\ $a France -- History -- 1789-1900
=653  \\ $a Marmont, Auguste Frédéric Louis Viesse de, duc de Raguse, 1774-1852
=830  \0 $a Project Gutenberg $v 33861
=856  40 $u http://www.gutenberg.org/ebooks/33861

