=LDR  00645nas  2200217uu 4500
=000  00568cam\a22001693a\4500
=001  33862
=003  PGUSA
=005  20161217030021.0
=008  101015s2010||||xxu|||||s|||||000\|\eng\d
=040  \\ $a PGUSA $b eng
=042  \\ $a dc
=050  \4$aQH
=100  1\ $a Butcher, William Deane, $d 1853-1939
=245  14 $a The Mechanism of Life $h [electronic resource] / $c William Deane Butcher
=260  \\ $b Project Gutenberg, $c 2010
=506  \\ $a Public domain in the USA.
=516  \\ $a Text
=653  \\ $a Life (Biology)
=830  \0 $a Project Gutenberg $v 33862
=856  40 $u http://www.gutenberg.org/ebooks/33862

