=LDR  00623nas  2200217uu 4500
=000  00568cam\a22001693a\4500
=001  33863
=003  PGUSA
=005  20161217030021.0
=008  101015s2010||||xxu|||||s|||||000\p\ger\d
=040  \\ $a PGUSA $b ger
=042  \\ $a dc
=050  \4$aPT
=100  1\ $a Rilke, Rainer Maria, $d 1875-1926
=245  10 $a Neue Gedichte $h [electronic resource] / $c Rainer Maria Rilke
=260  \\ $b Project Gutenberg, $c 2010
=506  \\ $a Public domain in the USA.
=516  \\ $a Text
=653  \\ $a Poetry
=830  \0 $a Project Gutenberg $v 33863
=856  40 $u http://www.gutenberg.org/ebooks/33863

