=LDR  00646nas  2200217uu 4500
=000  00568cam\a22001693a\4500
=001  33864
=003  PGUSA
=005  20161217030021.0
=008  101015s2010||||xxu|||||s|||||000\p\ger\d
=040  \\ $a PGUSA $b ger
=042  \\ $a dc
=050  \4$aPT
=100  1\ $a Rilke, Rainer Maria, $d 1875-1926
=245  14 $a Der Neuen Gedichte : $b Anderer Teil $h [electronic resource] / $c Rainer Maria Rilke
=260  \\ $b Project Gutenberg, $c 2010
=506  \\ $a Public domain in the USA.
=516  \\ $a Text
=653  \\ $a Poetry
=830  \0 $a Project Gutenberg $v 33864
=856  40 $u http://www.gutenberg.org/ebooks/33864

