=LDR  00706nas  2200229uu 4500
=000  00568cam\a22001693a\4500
=001  33865
=003  PGUSA
=005  20161217030021.0
=008  101015s2010||||xxu|||||s|||||000\|\ita\d
=040  \\ $a PGUSA $b ita
=042  \\ $a dc
=050  \4$aPQ
=100  1\ $a Giacosa, Giuseppe, $d 1847-1906
=245  10 $a Resa a discrezione : $b $b Teatro in prosa vol. II $h [electronic resource] / $c Giuseppe Giacosa
=260  \\ $b Project Gutenberg, $c 2010
=506  \\ $a Public domain in the USA.
=516  \\ $a Text
=653  \\ $a Italian drama -- 19th century
=653  \\ $a Comedies
=830  \0 $a Project Gutenberg $v 33865
=856  40 $u http://www.gutenberg.org/ebooks/33865

