=LDR  00613nas  2200217uu 4500
=000  00568cam\a22001693a\4500
=001  33867
=003  PGUSA
=005  20161217030021.0
=008  101016s2010||||xxu|||||s|||||000\1\eng\d
=040  \\ $a PGUSA $b eng
=042  \\ $a dc
=050  \4$aPQ
=100  1\ $a Roux, George, $d 1861-1929
=245  10 $a King of Camargue $h [electronic resource] / $c George Roux
=260  \\ $b Project Gutenberg, $c 2010
=506  \\ $a Public domain in the USA.
=516  \\ $a Text
=653  \\ $a Fiction
=830  \0 $a Project Gutenberg $v 33867
=856  40 $u http://www.gutenberg.org/ebooks/33867

