=LDR  00692nas  2200217uu 4500
=000  00568cam\a22001693a\4500
=001  33868
=003  PGUSA
=005  20161217030021.0
=008  101017s2010||||xxu|||||s|||||000\1\eng\d
=040  \\ $a PGUSA $b eng
=042  \\ $a dc
=050  \4$aPQ
=100  1\ $a Sue, Eugène, $d 1804-1857
=245  14 $a The Casque's Lark; or, Victoria, the Mother of the Camps $h [electronic resource] / $c Eugène Sue
=260  \\ $b Project Gutenberg, $c 2010
=506  \\ $a Public domain in the USA.
=516  \\ $a Text
=653  \\ $a Gaul -- History -- 58 B.C.-511 A.D. -- Fiction
=830  \0 $a Project Gutenberg $v 33868
=856  40 $u http://www.gutenberg.org/ebooks/33868

