=LDR  00635nas  2200217uu 4500
=000  00568cam\a22001693a\4500
=001  33870
=003  PGUSA
=005  20161217030021.0
=008  101018s2010||||xxu|||||s|||||000\|\eng\d
=040  \\ $a PGUSA $b eng
=042  \\ $a dc
=050  \4$aGV
=100  1\ $a Capablanca, José Raúl, $d 1888-1942
=245  10 $a Chess Fundamentals $h [electronic resource] / $c José Raúl Capablanca
=260  \\ $b Project Gutenberg, $c 2010
=506  \\ $a Public domain in the USA.
=516  \\ $a Text
=653  \\ $a Chess
=830  \0 $a Project Gutenberg $v 33870
=856  40 $u http://www.gutenberg.org/ebooks/33870

