=LDR  00663nas  2200229uu 4500
=000  00568cam\a22001693a\4500
=001  33871
=003  PGUSA
=005  20161217030021.0
=008  101018s2010||||xxu|||||s|||||000\1\eng\d
=040  \\ $a PGUSA $b eng
=042  \\ $a dc
=050  \4$aPS
=100  1\ $a Sharkey, Jack, $d 1931-1992
=245  10 $a Old Friends Are the Best $h [electronic resource] / $c Jack Sharkey
=260  \\ $b Project Gutenberg, $c 2010
=506  \\ $a Public domain in the USA.
=516  \\ $a Text
=653  \\ $a Short stories
=653  \\ $a Science fiction
=830  \0 $a Project Gutenberg $v 33871
=856  40 $u http://www.gutenberg.org/ebooks/33871

