=LDR  00671nas  2200217uu 4500
=000  00568cam\a22001693a\4500
=001  33873
=003  PGUSA
=005  20161217030021.0
=008  101018s2010||||xxu|||||s|||||000\1\eng\d
=040  \\ $a PGUSA $b eng
=042  \\ $a dc
=050  \4$aPZ
=100  1\ $a Jones, Mabel Cronise, $d 1860-
=245  10 $a Dolly's College Experiences $h [electronic resource] / $c Mabel Cronise Jones
=260  \\ $b Project Gutenberg, $c 2010
=506  \\ $a Public domain in the USA.
=516  \\ $a Text
=653  \\ $a Women college students -- Juvenile fiction
=830  \0 $a Project Gutenberg $v 33873
=856  40 $u http://www.gutenberg.org/ebooks/33873

