=LDR  00701nas  2200241uu 4500
=000  00568cam\a22001693a\4500
=001  33874
=003  PGUSA
=005  20161217030021.0
=008  101018s2010||||xxu|||||s|||||000\|\eng\d
=040  \\ $a PGUSA $b eng
=042  \\ $a dc
=050  \4$aQL
=100  1\ $a Saunders, Edward, $d 1848-1910
=245  10 $a Wild Bees, Wasps and Ants and Other Stinging Insects $h [electronic resource] / $c Edward Saunders
=260  \\ $b Project Gutenberg, $c 2010
=506  \\ $a Public domain in the USA.
=516  \\ $a Text
=653  \\ $a Ants
=653  \\ $a Bees
=653  \\ $a Wasps
=830  \0 $a Project Gutenberg $v 33874
=856  40 $u http://www.gutenberg.org/ebooks/33874

