=LDR  00768nas  2200241uu 4500
=000  00568cam\a22001693a\4500
=001  33876
=003  PGUSA
=005  20161217030021.0
=008  101018s2010||||xxu|||||s|||||000\1\eng\d
=040  \\ $a PGUSA $b eng
=042  \\ $a dc
=050  \4$aPR
=100  1\ $a Blackwood, Algernon, $d 1869-1951
=245  14 $a The Wave : $b An Egyptian Aftermath $h [electronic resource] / $c Algernon Blackwood
=260  \\ $b Project Gutenberg, $c 2010
=506  \\ $a Public domain in the USA.
=516  \\ $a Text
=653  \\ $a Triangles (Interpersonal relations) -- Fiction
=653  \\ $a Paranormal fiction
=653  \\ $a British -- Egypt -- Fiction
=830  \0 $a Project Gutenberg $v 33876
=856  40 $u http://www.gutenberg.org/ebooks/33876

