=LDR  00745nas  2200229uu 4500
=000  00568cam\a22001693a\4500
=001  33878
=003  PGUSA
=005  20161217030021.0
=008  101022s2010||||xxu|||||s|||||000\1\eng\d
=040  \\ $a PGUSA $b eng
=042  \\ $a dc
=050  \4$aPT
=100  1\ $a Morse, Alice C. $q (Alice Cordelia), $d 1862-1914
=245  10 $a At the Ghost Hour. The House of the Unbelieving Thomas $h [electronic resource] / $c Alice C. Morse
=260  \\ $b Project Gutenberg, $c 2010
=506  \\ $a Public domain in the USA.
=516  \\ $a Text
=653  \\ $a Ghost stories
=653  \\ $a German fiction -- Translations into English
=830  \0 $a Project Gutenberg $v 33878
=856  40 $u http://www.gutenberg.org/ebooks/33878

