=LDR  00675nas  2200217uu 4500
=000  00568cam\a22001693a\4500
=001  33880
=003  PGUSA
=005  20161217030021.0
=008  101024s2010||||xxu|||||s|||||000\1\eng\d
=040  \\ $a PGUSA $b eng
=042  \\ $a dc
=050  \4$aPZ
=100  1\ $a Ewing, Juliana Horatia Gatty, $d 1841-1885
=245  14 $a The Land of Lost Toys $h [electronic resource] / $c Juliana Horatia Gatty Ewing
=260  \\ $b Project Gutenberg, $c 2010
=506  \\ $a Public domain in the USA.
=516  \\ $a Text
=653  \\ $a Storytelling -- Juvenile fiction
=830  \0 $a Project Gutenberg $v 33880
=856  40 $u http://www.gutenberg.org/ebooks/33880

