=LDR  00640nas  2200217uu 4500
=000  00568cam\a22001693a\4500
=001  33883
=003  PGUSA
=005  20161217030021.0
=008  101025s2010||||xxu|||||s|||||000\|\eng\d
=040  \\ $a PGUSA $b eng
=042  \\ $a dc
=050  \4$aDA
=100  1\ $a O'Rell, Max, $d 1848-1903
=245  10 $a Friend Mac Donald $h [electronic resource] / $c Max O'Rell
=260  \\ $b Project Gutenberg, $c 2010
=506  \\ $a Public domain in the USA.
=516  \\ $a Text
=653  \\ $a Scotland -- Social life and customs
=830  \0 $a Project Gutenberg $v 33883
=856  40 $u http://www.gutenberg.org/ebooks/33883

