=LDR  00779nas  2200253uu 4500
=000  00568cam\a22001693a\4500
=001  33884
=003  PGUSA
=005  20161217030021.0
=008  101026s2010||||xxu|||||s|||||000\1\eng\d
=040  \\ $a PGUSA $b eng
=042  \\ $a dc
=050  \4$aPS
=100  1\ $a Gates, Eleanor, $d 1875-1951
=245  10 $a Alec Lloyd, Cowpuncher $h [electronic resource] / $c Eleanor Gates
=260  \\ $b Project Gutenberg, $c 2010
=500  \\ $a "Originally published under the title of Cupid: the cowpunch"
=506  \\ $a Public domain in the USA.
=516  \\ $a Text
=653  \\ $a Love stories
=653  \\ $a Cowboys -- Fiction
=653  \\ $a Western stories
=830  \0 $a Project Gutenberg $v 33884
=856  40 $u http://www.gutenberg.org/ebooks/33884

