=LDR  00760nas  2200229uu 4500
=000  00568cam\a22001693a\4500
=001  33885
=003  PGUSA
=005  20161217030021.0
=008  101027s2010||||xxu|||||s|||||000\|\spa\d
=040  \\ $a PGUSA $b spa
=042  \\ $a dc
=050  \4$aDS
=050  \4$aDP
=100  1\ $a Castro, Adolfo de, $d 1823-1898
=245  10 $a Historia de los Judíos en España : $b $b desde los tiempos de su establecimiento hasta principios del present siglo $h [electronic resource] / $c Adolfo de Castro
=260  \\ $b Project Gutenberg, $c 2010
=506  \\ $a Public domain in the USA.
=516  \\ $a Text
=653  \\ $a Jews -- Spain -- History
=830  \0 $a Project Gutenberg $v 33885
=856  40 $u http://www.gutenberg.org/ebooks/33885

