=LDR  00804nas  2200265uu 4500
=000  00568cam\a22001693a\4500
=001  33886
=003  PGUSA
=005  20161217030021.0
=008  101028s2010||||xxu|||||s|||||000\1\eng\d
=040  \\ $a PGUSA $b eng
=042  \\ $a dc
=050  \4$aPT
=100  1\ $a Sudermann, Hermann, $d 1857-1928
=240  10 $a Der Wunsch. $l English
=245  14 $a The Wish : $b A Novel $h [electronic resource] / $c Hermann Sudermann
=260  \\ $b Project Gutenberg, $c 2010
=506  \\ $a Public domain in the USA.
=516  \\ $a Text
=653  \\ $a Love stories, German
=653  \\ $a Suicide victims -- Fiction
=653  \\ $a Sisters -- Fiction
=740  0\ $a Der Wunsch. English
=830  \0 $a Project Gutenberg $v 33886
=856  40 $u http://www.gutenberg.org/ebooks/33886

