=LDR  00719nas  2200229uu 4500
=000  00568cam\a22001693a\4500
=001  33888
=003  PGUSA
=005  20161217030021.0
=008  101029s2010||||xxu|||||s|||||000\|\eng\d
=040  \\ $a PGUSA $b eng
=042  \\ $a dc
=050  \4$aPR
=100  1\ $a Shea, John S., $d 1670-1733
=245  10 $a Aesop Dress'd; Or, A Collection of Fables Writ in Familiar Verse $h [electronic resource] / $c John S. Shea
=260  \\ $b Project Gutenberg, $c 2010
=506  \\ $a Public domain in the USA.
=516  \\ $a Text
=653  \\ $a Fables
=653  \\ $a Fables, English -- Early works to 1800
=830  \0 $a Project Gutenberg $v 33888
=856  40 $u http://www.gutenberg.org/ebooks/33888

