=LDR  00703nas  2200229uu 4500
=000  00568cam\a22001693a\4500
=001  33889
=003  PGUSA
=005  20161217030021.0
=008  101029s2010||||xxu|||||s|||||000\|\eng\d
=040  \\ $a PGUSA $b eng
=042  \\ $a dc
=050  \4$aCB
=100  1\ $a Wells, H. G. $q (Herbert George), $d 1866-1946
=245  14 $a The Salvaging Of Civilization $h [electronic resource] / $c H. G. Wells
=260  \\ $b Project Gutenberg, $c 2010
=506  \\ $a Public domain in the USA.
=516  \\ $a Text
=653  \\ $a Civilization, Modern -- 20th century
=653  \\ $a Education
=830  \0 $a Project Gutenberg $v 33889
=856  40 $u http://www.gutenberg.org/ebooks/33889

