=LDR  00952nas  2200253uu 4500
=000  00568cam\a22001693a\4500
=001  33891
=003  PGUSA
=005  20161217030021.0
=008  101029s2010||||xxu|||||s|||||000\|\eng\d
=040  \\ $a PGUSA $b eng
=042  \\ $a dc
=050  \4$aDD
=100  1\ $a Vandam, Albert D. $q (Albert Dresden), $d 1843-1903
=245  10 $a Bartholomew Sastrow : $b Being the Memoirs of a German Burgomaster $h [electronic resource] / $c Albert D. Vandam
=260  \\ $b Project Gutenberg, $c 2010
=500  \\ $a First published in 1902 with title "Social Germany in Luther's time: being the memoirs of Bartholomew Sastrow."
=506  \\ $a Public domain in the USA.
=516  \\ $a Text
=653  \\ $a Germany -- History -- Charles V, 1519-1556
=653  \\ $a Reformation -- Germany
=653  \\ $a Germany -- Social life and customs
=830  \0 $a Project Gutenberg $v 33891
=856  40 $u http://www.gutenberg.org/ebooks/33891

