=LDR  00730nas  2200241uu 4500
=000  00568cam\a22001693a\4500
=001  33892
=003  PGUSA
=005  20161217030021.0
=008  101030s2010||||xxu|||||s|||||000\1\eng\d
=040  \\ $a PGUSA $b eng
=042  \\ $a dc
=050  \4$aPT
=100  1\ $a Sudermann, Hermann, $d 1857-1928
=240  10 $a Der Katzensteg. $l English
=245  10 $a Regina, or the Sins of the Fathers $h [electronic resource] / $c Hermann Sudermann
=260  \\ $b Project Gutenberg, $c 2010
=506  \\ $a Public domain in the USA.
=516  \\ $a Text
=653  \\ $a Fiction
=740  0\ $a Der Katzensteg. English
=830  \0 $a Project Gutenberg $v 33892
=856  40 $u http://www.gutenberg.org/ebooks/33892

