=LDR  00721nas  2200217uu 4500
=000  00568cam\a22001693a\4500
=001  33893
=003  PGUSA
=005  20161217030021.0
=008  101030s2010||||xxu|||||s|||||000\|\fre\d
=040  \\ $a PGUSA $b fre
=042  \\ $a dc
=050  \4$aDC
=100  1\ $a Rémusat, Paul de, $d 1831-1897
=245  10 $a Mémoires de madame de Rémusat (1/3) : $b $b publiées par son petit-fils, Paul de Rémusat $h [electronic resource] / $c Paul de Rémusat
=260  \\ $b Project Gutenberg, $c 2010
=506  \\ $a Public domain in the USA.
=516  \\ $a Text
=653  \\ $a France -- Court and courtiers
=830  \0 $a Project Gutenberg $v 33893
=856  40 $u http://www.gutenberg.org/ebooks/33893

