=LDR  00775nas  2200217uu 4500
=000  00568cam\a22001693a\4500
=001  33894
=003  PGUSA
=005  20161217030021.0
=008  101031s2010||||xxu|||||s|||||000\|\fre\d
=040  \\ $a PGUSA $b fre
=042  \\ $a dc
=050  \4$aDC
=100  1\ $a Rémusat, Madame de $q (Claire Elisabeth Jeanne Gravier de Vergennes), $d 1780-1824
=245  10 $a Mémoires de madame de Rémusat (2/3) : $b $b publiées par son petit-fils, Paul de Rémusat $h [electronic resource] / $c Madame de Rémusat
=260  \\ $b Project Gutenberg, $c 2010
=506  \\ $a Public domain in the USA.
=516  \\ $a Text
=653  \\ $a France -- Court and courtiers
=830  \0 $a Project Gutenberg $v 33894
=856  40 $u http://www.gutenberg.org/ebooks/33894

