=LDR  00824nas  2200241uu 4500
=000  00568cam\a22001693a\4500
=001  33896
=003  PGUSA
=005  20161217030021.0
=008  101030s2010||||xxu|||||s|||||000\|\eng\d
=040  \\ $a PGUSA $b eng
=042  \\ $a dc
=050  \4$aPQ
=100  1\ $a Church, F. J. $q (Frederick John), $d 1854-1888
=245  10 $a Dante. An essay. To which is added a translation of De Monarchia. $h [electronic resource] / $c F. J. Church
=260  \\ $b Project Gutenberg, $c 2010
=506  \\ $a Public domain in the USA.
=516  \\ $a Text
=653  \\ $a Italy -- Politics and government -- 476-1268
=653  \\ $a Church and state -- Early works to 1800
=653  \\ $a Dante Alighieri, 1265-1321
=830  \0 $a Project Gutenberg $v 33896
=856  40 $u http://www.gutenberg.org/ebooks/33896

