=LDR  01035nas  2200301uu 4500
=000  00568cam\a22001693a\4500
=001  33897
=003  PGUSA
=005  20161217030021.0
=008  101030s2010||||xxu|||||s|||||000\1\eng\d
=040  \\ $a PGUSA $b eng
=042  \\ $a dc
=050  \4$aPZ
=100  1\ $a Stoddard, William Osborn, $d 1835-1925
=245  14 $a The Red Mustang $h [electronic resource] / $c William Osborn Stoddard
=260  \\ $b Project Gutenberg, $c 2010
=506  \\ $a Public domain in the USA.
=516  \\ $a Text
=653  \\ $a Rescues -- Juvenile fiction
=653  \\ $a Soldiers -- Juvenile fiction
=653  \\ $a Children -- Conduct of life -- Juvenile fiction
=653  \\ $a Cowboys -- Juvenile fiction
=653  \\ $a Indians of North America -- Juvenile fiction
=653  \\ $a Horses -- Juvenile fiction
=653  \\ $a Conduct of life -- Juvenile fiction
=653  \\ $a Voyages and travels -- Juvenile fiction
=830  \0 $a Project Gutenberg $v 33897
=856  40 $u http://www.gutenberg.org/ebooks/33897

