=LDR  00668nas  2200229uu 4500
=000  00568cam\a22001693a\4500
=001  33898
=003  PGUSA
=005  20161217030021.0
=008  101031s2010||||xxu|||||s|||||000\1\eng\d
=040  \\ $a PGUSA $b eng
=042  \\ $a dc
=050  \4$aPS
=100  1\ $a Miller, Lewis
=245  14 $a The Haunted Sentry Box of Porto Rico $h [electronic resource] / $c Lewis Miller
=260  \\ $b Project Gutenberg, $c 2010
=506  \\ $a Public domain in the USA.
=516  \\ $a Text
=653  \\ $a Short stories
=653  \\ $a Puerto Rico -- Fiction
=830  \0 $a Project Gutenberg $v 33898
=856  40 $u http://www.gutenberg.org/ebooks/33898

