=LDR  00691nas  2200217uu 4500
=000  00568cam\a22001693a\4500
=001  33899
=003  PGUSA
=005  20161217030021.0
=008  101031s2010||||xxu|||||s|||||000\|\eng\d
=040  \\ $a PGUSA $b eng
=042  \\ $a dc
=050  \4$aQ
=100  1\ $a Wright, Russell Stuart, $d 1838-1905
=245  10 $a Optical Projection. Part 1 : $b The Projection of Lantern Slides $h [electronic resource] / $c Russell Stuart Wright
=260  \\ $b Project Gutenberg, $c 2010
=506  \\ $a Public domain in the USA.
=516  \\ $a Text
=653  \\ $a Lantern projection
=830  \0 $a Project Gutenberg $v 33899
=856  40 $u http://www.gutenberg.org/ebooks/33899

