=LDR  00800nas  2200241uu 4500
=000  00568cam\a22001693a\4500
=001  33900
=003  PGUSA
=005  20161217030021.0
=008  100929s2010||||xxu|||||s|||||000\|\eng\d
=040  \\ $a PGUSA $b eng
=042  \\ $a dc
=050  \4$aMT
=100  1\ $a Agate, Edward, $d 1844-1908
=245  10 $a Principles of Orchestration, with Musical Examples Drawn from His Own Works $h [electronic resource] / $c Edward Agate
=260  \\ $b Project Gutenberg, $c 2010
=506  \\ $a Public domain in the USA.
=516  \\ $a Text
=653  \\ $a Instrumentation and orchestration
=740  0\ $a Основы оркестровки
=740  0\ $a Osnovy orkestrovki. English
=830  \0 $a Project Gutenberg $v 33900
=856  40 $u http://www.gutenberg.org/ebooks/33900

