=LDR  00716nas  2200241uu 4500
=000  00568cam\a22001693a\4500
=001  33901
=003  PGUSA
=005  20161217030021.0
=008  101029s2010||||xxu|||||s|||||000\1\eng\d
=040  \\ $a PGUSA $b eng
=042  \\ $a dc
=050  \4$aPR
=100  1\ $a Barrie, J. M. $q (James Matthew), $d 1860-1937
=245  14 $a The Little Minister $h [electronic resource] / $c J. M. Barrie
=260  \\ $b Project Gutenberg, $c 2010
=506  \\ $a Public domain in the USA.
=516  \\ $a Text
=653  \\ $a Clergy -- Fiction
=653  \\ $a Love stories
=653  \\ $a Scotland -- Fiction
=830  \0 $a Project Gutenberg $v 33901
=856  40 $u http://www.gutenberg.org/ebooks/33901

