=LDR  00698nas  2200229uu 4500
=000  00568cam\a22001693a\4500
=001  33902
=003  PGUSA
=005  20161217030021.0
=008  101029s2010||||xxu|||||s|||||000\p\eng\d
=040  \\ $a PGUSA $b eng
=042  \\ $a dc
=050  \4$aPR
=100  1\ $a Brooke, Rupert, $d 1887-1915
=245  10 $a 1914, and Other Poems $h [electronic resource] / $c Rupert Brooke
=260  \\ $b Project Gutenberg, $c 2010
=506  \\ $a Public domain in the USA.
=516  \\ $a Text
=653  \\ $a English poetry -- 20th century
=740  0\ $a Nineteen fourteen, and other poems
=830  \0 $a Project Gutenberg $v 33902
=856  40 $u http://www.gutenberg.org/ebooks/33902

