=LDR  00685nas  2200229uu 4500
=000  00568cam\a22001693a\4500
=001  33903
=003  PGUSA
=005  20161217030021.0
=008  101025s2010||||xxu|||||s|||||000\1\eng\d
=040  \\ $a PGUSA $b eng
=042  \\ $a dc
=050  \4$aPS
=100  1\ $a True, Allen Tupper, $d 1881-1955
=245  10 $a Into the Primitive $h [electronic resource] / $c Allen Tupper True
=260  \\ $b Project Gutenberg, $c 2010
=506  \\ $a Public domain in the USA.
=516  \\ $a Text
=653  \\ $a Shipwreck survival -- Fiction
=653  \\ $a Africa -- Fiction
=830  \0 $a Project Gutenberg $v 33903
=856  40 $u http://www.gutenberg.org/ebooks/33903

