=LDR  00946nas  2200241uu 4500
=000  00568cam\a22001693a\4500
=001  33904
=003  PGUSA
=005  20161217030021.0
=008  101025s2010||||xxu|||||s|||||000\|\eng\d
=040  \\ $a PGUSA $b eng
=042  \\ $a dc
=050  \4$aF001
=100  1\ $a Maverick, Samuel
=245  12 $a A briefe discription of New England and the severall townes therein : $b $b together with the present government thereof $h [electronic resource] / $c Samuel Maverick
=260  \\ $b Project Gutenberg, $c 2010
=506  \\ $a Public domain in the USA.
=516  \\ $a Text
=653  \\ $a New England -- History -- Colonial period, ca. 1600-1775
=653  \\ $a New England -- Description and travel
=740  0\ $a A brief description of New England and the several towns therein together with the present government thereof
=830  \0 $a Project Gutenberg $v 33904
=856  40 $u http://www.gutenberg.org/ebooks/33904

