=LDR  00717nas  2200217uu 4500
=000  00568cam\a22001693a\4500
=001  33905
=003  PGUSA
=005  20161217030021.0
=008  101025s2010||||xxu|||||s|||||000\|\eng\d
=040  \\ $a PGUSA $b eng
=042  \\ $a dc
=050  \4$aE201
=100  1\ $a Judson, L. Carroll $q (Levi Carroll)
=245  14 $a The Sages and Heroes of the American Revolution $h [electronic resource] / $c L. Carroll Judson
=260  \\ $b Project Gutenberg, $c 2010
=506  \\ $a Public domain in the USA.
=516  \\ $a Text
=653  \\ $a United States -- History -- Revolution, 1775-1783 -- Biography
=830  \0 $a Project Gutenberg $v 33905
=856  40 $u http://www.gutenberg.org/ebooks/33905

