=LDR  00742nas  2200217uu 4500
=000  00568cam\a22001693a\4500
=001  33906
=003  PGUSA
=005  20161217030021.0
=008  101025s2010||||xxu|||||s|||||000\|\eng\d
=040  \\ $a PGUSA $b eng
=042  \\ $a dc
=050  \4$aD501
=100  1\ $a Jesse, F. Tennyson $q (Fryniwyd Tennyson), $d 1888-1958
=245  14 $a The Sword of Deborah : $b First-hand impressions of the British Women's Army in France $h [electronic resource] / $c F. Tennyson Jesse
=260  \\ $b Project Gutenberg, $c 2010
=506  \\ $a Public domain in the USA.
=516  \\ $a Text
=653  \\ $a World War, 1914-1918 -- Women
=830  \0 $a Project Gutenberg $v 33906
=856  40 $u http://www.gutenberg.org/ebooks/33906

