=LDR  01250nas  2200241uu 4500
=000  00568cam\a22001693a\4500
=001  33907
=003  PGUSA
=005  20161217030021.0
=008  101024s2010||||xxu|||||s|||||000\|\eng\d
=040  \\ $a PGUSA $b eng
=042  \\ $a dc
=050  \4$aPR
=050  \4$aPS
=245  10 $a One-Act Plays by Modern Authors $h [electronic resource]
=260  \\ $b Project Gutenberg, $c 2010
=505  0\ $a Introduction -- The boy Will / R.E. Rogers -- Beauty and the Jacobin / B. Tarkington -- The Pierrot of the minute / E. Dowson -- The maker of dreams / O. Down -- Gettysburg / P. MacKaye -- Wurzel-Flummery / A.A. Milne -- Maid of France / H. Brighouse -- Spreading the news / Lady Augusta Gregory -- Welsh honeymoon / Jeannette Marks -- Riders to the sea / J.M. Synge -- A night at an inn / Lord Dunsany -- The twilight saint / S. Young -- The masque of the two strangers / Lady Alix Egerton -- The intruder / M. Maeterlinck -- Fortune and men's eyes / Josephine P. Peabody -- The little man / J. Galsworthy.
=506  \\ $a Public domain in the USA.
=516  \\ $a Text
=653  \\ $a English drama
=653  \\ $a American drama
=830  \0 $a Project Gutenberg $v 33907
=856  40 $u http://www.gutenberg.org/ebooks/33907

