=LDR  00642nas  2200217uu 4500
=000  00568cam\a22001693a\4500
=001  33908
=003  PGUSA
=005  20161217030021.0
=008  101023s2010||||xxu|||||s|||||000\1\fin\d
=040  \\ $a PGUSA $b fin
=042  \\ $a dc
=050  \4$aPT
=100  1\ $a Rack, B. A., $d 1858-1937
=245  10 $a Stuifen : $b Historiallinen kertomus $h [electronic resource] / $c B. A. Rack
=260  \\ $b Project Gutenberg, $c 2010
=506  \\ $a Public domain in the USA.
=516  \\ $a Text
=653  \\ $a Historical fiction
=830  \0 $a Project Gutenberg $v 33908
=856  40 $u http://www.gutenberg.org/ebooks/33908

