=LDR  00740nas  2200241uu 4500
=000  00568cam\a22001693a\4500
=001  33909
=003  PGUSA
=005  20161217030021.0
=008  101020s2010||||xxu|||||s|||||000\1\eng\d
=040  \\ $a PGUSA $b eng
=042  \\ $a dc
=050  \4$aPZ
=100  1\ $a Brazil, Angela, $d 1869-1947
=245  14 $a The School by the Sea $h [electronic resource] / $c Angela Brazil
=260  \\ $b Project Gutenberg, $c 2010
=506  \\ $a Public domain in the USA.
=516  \\ $a Text
=653  \\ $a Girls -- Juvenile fiction
=653  \\ $a Boarding schools -- England -- Juvenile fiction
=653  \\ $a Mystery fiction
=830  \0 $a Project Gutenberg $v 33909
=856  40 $u http://www.gutenberg.org/ebooks/33909

