=LDR  00871nas  2200241uu 4500
=000  00568cam\a22001693a\4500
=001  33911
=003  PGUSA
=005  20161217030021.0
=008  101020s2010||||xxu|||||s|||||000\1\eng\d
=040  \\ $a PGUSA $b eng
=042  \\ $a dc
=050  \4$aPR
=100  1\ $a Jesse, F. Tennyson $q (Fryniwyd Tennyson), $d 1888-1958
=245  10 $a Beggars on Horseback $h [electronic resource] / $c F. Tennyson Jesse
=260  \\ $b Project Gutenberg, $c 2010
=505  0\ $a A shepherdess of fauns -- The ladder -- The greatest gift -- The mask -- A garden enclosed -- The man with two mouths -- Why Senath married -- The coffin ship.
=506  \\ $a Public domain in the USA.
=516  \\ $a Text
=653  \\ $a Fiction
=653  \\ $a Short stories, English
=830  \0 $a Project Gutenberg $v 33911
=856  40 $u http://www.gutenberg.org/ebooks/33911

