=LDR  00713nas  2200229uu 4500
=000  00568cam\a22001693a\4500
=001  33912
=003  PGUSA
=005  20161217030021.0
=008  101020s2010||||xxu|||||s|||||000\|\eng\d
=040  \\ $a PGUSA $b eng
=042  \\ $a dc
=050  \4$aT
=100  1\ $a Vogel, Robert M.
=245  14 $a The Engineering Contributions of Wendel Bollman $h [electronic resource] / $c Robert M. Vogel
=260  \\ $b Project Gutenberg, $c 2010
=506  \\ $a Public domain in the USA.
=516  \\ $a Text
=653  \\ $a Iron and steel bridges -- History
=653  \\ $a Bollman, W. (Wendel), 1814-1884
=830  \0 $a Project Gutenberg $v 33912
=856  40 $u http://www.gutenberg.org/ebooks/33912

