=LDR  00760nas  2200241uu 4500
=000  00568cam\a22001693a\4500
=001  33913
=003  PGUSA
=005  20161217030021.0
=008  101019s2010||||xxu|||||s|||||000\1\eng\d
=040  \\ $a PGUSA $b eng
=042  \\ $a dc
=050  \4$aPR
=100  1\ $a Wells, H. G. $q (Herbert George), $d 1866-1946
=245  14 $a The Wonderful Visit $h [electronic resource] / $c H. G. Wells
=260  \\ $b Project Gutenberg, $c 2010
=506  \\ $a Public domain in the USA.
=516  \\ $a Text
=653  \\ $a England -- Social life and customs -- 19th century -- Fiction
=653  \\ $a Fantasy fiction
=653  \\ $a Angels -- Fiction
=830  \0 $a Project Gutenberg $v 33913
=856  40 $u http://www.gutenberg.org/ebooks/33913

