=LDR  00699nas  2200229uu 4500
=000  00568cam\a22001693a\4500
=001  33914
=003  PGUSA
=005  20161217030021.0
=008  101019s2010||||xxu|||||s|||||000\|\eng\d
=040  \\ $a PGUSA $b eng
=042  \\ $a dc
=050  \4$aQH
=100  1\ $a Stallcup, William B.
=245  10 $a Myology and Serology of the Avian Family Fringillidae : $b A Taxonomic Study $h [electronic resource] / $c William B. Stallcup
=260  \\ $b Project Gutenberg, $c 2010
=506  \\ $a Public domain in the USA.
=516  \\ $a Text
=653  \\ $a Birds
=653  \\ $a Finches
=830  \0 $a Project Gutenberg $v 33914
=856  40 $u http://www.gutenberg.org/ebooks/33914

