=LDR  00679nas  2200217uu 4500
=000  00568cam\a22001693a\4500
=001  33915
=003  PGUSA
=005  20161217030021.0
=008  101019s2010||||xxu|||||s|||||000\|\eng\d
=040  \\ $a PGUSA $b eng
=042  \\ $a dc
=050  \4$aQH
=100  1\ $a Baker, Rollin H. $q (Rollin Harold), $d 1916-2007
=245  10 $a Mammals taken Along the Alaska Highway $h [electronic resource] / $c Rollin H. Baker
=260  \\ $b Project Gutenberg, $c 2010
=506  \\ $a Public domain in the USA.
=516  \\ $a Text
=653  \\ $a Mammals -- North America
=830  \0 $a Project Gutenberg $v 33915
=856  40 $u http://www.gutenberg.org/ebooks/33915

