=LDR  00753nas  2200229uu 4500
=000  00568cam\a22001693a\4500
=001  33916
=003  PGUSA
=005  20161217030021.0
=008  101018s2010||||xxu|||||s|||||000\1\eng\d
=040  \\ $a PGUSA $b eng
=042  \\ $a dc
=050  \4$aPT
=100  1\ $a Heyse, Paul, $d 1830-1914
=245  14 $a The Dead Lake, and Other Tales $h [electronic resource] / $c Paul Heyse
=260  \\ $b Project Gutenberg, $c 2010
=505  0\ $a A fortnight at the Dead Lake -- Doomed -- Beatrice -- Beginning, and end.
=506  \\ $a Public domain in the USA.
=516  \\ $a Text
=653  \\ $a German fiction -- Translations into English
=830  \0 $a Project Gutenberg $v 33916
=856  40 $u http://www.gutenberg.org/ebooks/33916

