=LDR  00633nas  2200217uu 4500
=000  00568cam\a22001693a\4500
=001  33917
=003  PGUSA
=005  20161217030021.0
=008  101018s2010||||xxu|||||s|||||000\|\eng\d
=040  \\ $a PGUSA $b eng
=042  \\ $a dc
=050  \4$aRZ
=100  1\ $a Wattles, W. D., $d 1860-1911
=245  14 $a The Science of Being Well $h [electronic resource] / $c W. D. Wattles
=260  \\ $b Project Gutenberg, $c 2010
=506  \\ $a Public domain in the USA.
=516  \\ $a Text
=653  \\ $a Mental healing
=830  \0 $a Project Gutenberg $v 33917
=856  40 $u http://www.gutenberg.org/ebooks/33917

