=LDR  00663nas  2200229uu 4500
=000  00568cam\a22001693a\4500
=001  33918
=003  PGUSA
=005  20161217030021.0
=008  101018s2010||||xxu|||||s|||||000\|\eng\d
=040  \\ $a PGUSA $b eng
=042  \\ $a dc
=050  \4$aPN
=245  10 $a Mr. Punch with the Children $h [electronic resource]
=260  \\ $b Project Gutenberg, $c 2010
=506  \\ $a Public domain in the USA.
=516  \\ $a Text
=653  \\ $a Children -- Humor
=653  \\ $a English wit and humor, Pictorial
=653  \\ $a English wit and humor
=830  \0 $a Project Gutenberg $v 33918
=856  40 $u http://www.gutenberg.org/ebooks/33918

