=LDR  00692nas  2200229uu 4500
=000  00568cam\a22001693a\4500
=001  33920
=003  PGUSA
=005  20161217030021.0
=008  101017s2010||||xxu|||||s|||||000\|\eng\d
=040  \\ $a PGUSA $b eng
=042  \\ $a dc
=050  \4$aHV
=100  1\ $a Wightman, Lulu
=245  14 $a The Menace of Prohibition $h [electronic resource] / $c Lulu Wightman
=260  \\ $b Project Gutenberg, $c 2010
=506  \\ $a Public domain in the USA.
=516  \\ $a Text
=653  \\ $a Prohibition -- Moral and ethical aspects
=653  \\ $a Prohibition -- United States
=830  \0 $a Project Gutenberg $v 33920
=856  40 $u http://www.gutenberg.org/ebooks/33920

