=LDR  00646nas  2200217uu 4500
=000  00568cam\a22001693a\4500
=001  33921
=003  PGUSA
=005  20161217030021.0
=008  101016s2010||||xxu|||||s|||||000\|\eng\d
=040  \\ $a PGUSA $b eng
=042  \\ $a dc
=050  \4$aS
=100  1\ $a Lyon, William Scrugham, $d 1852-1916
=245  10 $a Cacao Culture in the Philippines $h [electronic resource] / $c William Scrugham Lyon
=260  \\ $b Project Gutenberg, $c 2010
=506  \\ $a Public domain in the USA.
=516  \\ $a Text
=653  \\ $a Cacao
=830  \0 $a Project Gutenberg $v 33921
=856  40 $u http://www.gutenberg.org/ebooks/33921

