=LDR  00996nas  2200253uu 4500
=000  00568cam\a22001693a\4500
=001  33922
=003  PGUSA
=005  20161217030021.0
=008  101015s2010||||xxu|||||s|||||000\|\eng\d
=040  \\ $a PGUSA $b eng
=042  \\ $a dc
=050  \4$aPS
=100  1\ $a Moffett, Cleveland, $d 1863-1926
=245  10 $a True Detective Stories from the Archives of the Pinkertons $h [electronic resource] / $c Cleveland Moffett
=260  \\ $b Project Gutenberg, $c 2010
=505  0\ $a The Northampton Bank robbery -- The Susquehanna Express robbery -- The Pollock Diamond robbery -- The Rock Island Express -- The Destruction of the Renos -- The American Exchange Bank robbery.
=506  \\ $a Public domain in the USA.
=516  \\ $a Text
=653  \\ $a Crime -- United States
=653  \\ $a Criminals -- United States
=653  \\ $a Detective and mystery stories, American
=830  \0 $a Project Gutenberg $v 33922
=856  40 $u http://www.gutenberg.org/ebooks/33922

