=LDR  00707nas  2200217uu 4500
=000  00568cam\a22001693a\4500
=001  33923
=003  PGUSA
=005  20161217030021.0
=008  101014s2010||||xxu|||||s|||||000\|\eng\d
=040  \\ $a PGUSA $b eng
=042  \\ $a dc
=050  \4$aLB
=100  1\ $a McMurry, Charles A. $q (Charles Alexander), $d 1857-1929
=245  10 $a Special Method in Primary Reading and Oral Work with Stories $h [electronic resource] / $c Charles A. McMurry
=260  \\ $b Project Gutenberg, $c 2010
=506  \\ $a Public domain in the USA.
=516  \\ $a Text
=653  \\ $a Reading (Elementary)
=830  \0 $a Project Gutenberg $v 33923
=856  40 $u http://www.gutenberg.org/ebooks/33923

