=LDR  00762nas  2200229uu 4500
=000  00568cam\a22001693a\4500
=001  33924
=003  PGUSA
=005  20161217030021.0
=008  101014s2010||||xxu|||||s|||||000\1\eng\d
=040  \\ $a PGUSA $b eng
=042  \\ $a dc
=050  \4$aPS
=100  1\ $a Crawford, F. Marion $q (Francis Marion), $d 1854-1909
=245  10 $a Marion Darche : $b A Story Without Comment $h [electronic resource] / $c F. Marion Crawford
=260  \\ $b Project Gutenberg, $c 2010
=506  \\ $a Public domain in the USA.
=516  \\ $a Text
=653  \\ $a New York (N.Y.) -- Social life and customs -- Fiction
=653  \\ $a Married women -- Fiction
=830  \0 $a Project Gutenberg $v 33924
=856  40 $u http://www.gutenberg.org/ebooks/33924

