=LDR  00788nas  2200241uu 4500
=000  00568cam\a22001693a\4500
=001  33925
=003  PGUSA
=005  20161217030021.0
=008  101014s2010||||xxu|||||s|||||000\|\eng\d
=040  \\ $a PGUSA $b eng
=042  \\ $a dc
=050  \4$aQE
=100  1\ $a Hughes, J. Cecil $q (John Cecil)
=245  14 $a The Geological Story of the Isle of Wight $h [electronic resource] / $c J. Cecil Hughes
=260  \\ $b Project Gutenberg, $c 2010
=506  \\ $a Public domain in the USA.
=516  \\ $a Text
=653  \\ $a Paleontology -- England -- Isle of Wight
=653  \\ $a Geology -- England -- Isle of Wight
=653  \\ $a Geology, Stratigraphic -- Tertiary
=830  \0 $a Project Gutenberg $v 33925
=856  40 $u http://www.gutenberg.org/ebooks/33925

