=LDR  00768nas  2200229uu 4500
=000  00568cam\a22001693a\4500
=001  33926
=003  PGUSA
=005  20161217030021.0
=008  101014s2010||||xxu|||||s|||||000\1\eng\d
=040  \\ $a PGUSA $b eng
=042  \\ $a dc
=050  \4$aPZ
=100  1\ $a Garis, Howard Roger, $d 1873-1962
=245  10 $a Dick Hamilton's Cadet Days; Or, The Handicap of a Millionaire's Son $h [electronic resource] / $c Howard Roger Garis
=260  \\ $b Project Gutenberg, $c 2010
=506  \\ $a Public domain in the USA.
=516  \\ $a Text
=653  \\ $a Children of the rich -- Juvenile fiction
=653  \\ $a Military education -- Juvenile fiction
=830  \0 $a Project Gutenberg $v 33926
=856  40 $u http://www.gutenberg.org/ebooks/33926

