=LDR  01164nas  2200253uu 4500
=000  00568cam\a22001693a\4500
=001  33927
=003  PGUSA
=005  20161217030021.0
=008  101014s2010||||xxu|||||s|||||000\1\eng\d
=040  \\ $a PGUSA $b eng
=042  \\ $a dc
=050  \4$aPZ
=100  1\ $a Coolidge, Susan, $d 1835-1905
=245  10 $a Not Quite Eighteen $h [electronic resource] / $c Susan Coolidge
=260  \\ $b Project Gutenberg, $c 2010
=505  0\ $a How Bunny brought good luck -- A bit of wilfulness -- The wolves of St. Gervas -- Three little candles -- Uncle and aunt -- The corn-ball money -- The prize girl of the harnessing class -- Dolly Phone -- A nursery tyrant -- What the pink flamingo did -- Two pairs of eyes -- The pony that kept the store -- Pink and scarlet -- Dolly's lesson -- A blessing in disguise -- A granted wish.
=506  \\ $a Public domain in the USA.
=516  \\ $a Text
=653  \\ $a Youth -- Conduct of life -- Juvenile fiction
=653  \\ $a Children's stories, American
=653  \\ $a Conduct of life -- Juvenile fiction
=830  \0 $a Project Gutenberg $v 33927
=856  40 $u http://www.gutenberg.org/ebooks/33927

