=LDR  01019nas  2200289uu 4500
=000  00568cam\a22001693a\4500
=001  33928
=003  PGUSA
=005  20161217030021.0
=008  101013s2010||||xxu|||||s|||||000\1\eng\d
=040  \\ $a PGUSA $b eng
=042  \\ $a dc
=050  \4$aPQ
=100  1\ $a Maupassant, Guy de, $d 1850-1893
=245  10 $a Bel Ami (A Ladies' Man) : $b $b The Works of Guy de Maupassant, Vol. 6 $h [electronic resource] / $c Guy de Maupassant
=260  \\ $b Project Gutenberg, $c 2010
=506  \\ $a Public domain in the USA.
=516  \\ $a Text
=653  \\ $a Social classes -- Fiction
=653  \\ $a Paris (France) -- History -- 1870-1940 -- Fiction
=653  \\ $a Man-woman relationships -- Fiction
=653  \\ $a Seduction -- Fiction
=653  \\ $a Journalists -- Fiction
=653  \\ $a Conduct of life -- Fiction
=653  \\ $a France -- Politics and government -- 1870-1940 -- Fiction
=830  \0 $a Project Gutenberg $v 33928
=856  40 $u http://www.gutenberg.org/ebooks/33928

