=LDR  00838nas  2200241uu 4500
=000  00568cam\a22001693a\4500
=001  33929
=003  PGUSA
=005  20161217030021.0
=008  101013s2010||||xxu|||||s|||||000\|\eng\d
=040  \\ $a PGUSA $b eng
=042  \\ $a dc
=050  \4$aD501
=100  1\ $a Le Goffic, Charles, $d 1863-1932
=245  10 $a Dixmude : $b The epic of the French marines (October 17-November 10, 1914) $h [electronic resource] / $c Charles Le Goffic
=260  \\ $b Project Gutenberg, $c 2010
=506  \\ $a Public domain in the USA.
=516  \\ $a Text
=653  \\ $a France. Marine. Brigade des fusiliers marins
=653  \\ $a Yser, Battle of the, Belgium, 1914
=653  \\ $a World War, 1914-1918 -- Campaigns -- Belgium
=830  \0 $a Project Gutenberg $v 33929
=856  40 $u http://www.gutenberg.org/ebooks/33929

