=LDR  00792nas  2200241uu 4500
=000  00568cam\a22001693a\4500
=001  33930
=003  PGUSA
=005  20161217030021.0
=008  101013s2010||||xxu|||||s|||||000\|\eng\d
=040  \\ $a PGUSA $b eng
=042  \\ $a dc
=050  \4$aPS
=100  1\ $a Weiss, Susan Archer Talley, $d 1835-
=245  14 $a The Home Life of Poe $h [electronic resource] / $c Susan Archer Talley Weiss
=260  \\ $b Project Gutenberg, $c 2010
=506  \\ $a Public domain in the USA.
=516  \\ $a Text
=653  \\ $a Poe, Edgar Allan, 1809-1849 -- Homes and haunts
=653  \\ $a Authors, American -- 19th century -- Biography
=653  \\ $a Poe, Edgar Allan, 1809-1849
=830  \0 $a Project Gutenberg $v 33930
=856  40 $u http://www.gutenberg.org/ebooks/33930

