=LDR  01029nas  2200265uu 4500
=000  00568cam\a22001693a\4500
=001  33931
=003  PGUSA
=005  20161217030021.0
=008  101013s2010||||xxu|||||s|||||000\|\|||\d
=040  \\ $a PGUSA $b $
=042  \\ $a dc
=050  \4$aPQ
=050  \4$aPZ
=100  1\ $a Perrault, Charles, $d 1628-1703
=245  10 $a Popular Tales $h [electronic resource] / $c Charles Perrault
=260  \\ $b Project Gutenberg, $c 2010
=500  \\ $a Lang's introduction is in English; the tales are in French.
=505  0\ $a Introduction / [Andrew Lang] -- La belle au bois dormant -- Le Petit Chaperon Rouge -- Le Barbe Bleuë -- Le maistre chat, ou, Le chat botté -- Les fées -- Cendrillon, ou, La petite pantoufle de verre -- Riquet à la houppe -- Le petit pouçet.
=506  \\ $a Public domain in the USA.
=516  \\ $a Text
=653  \\ $a Fairy tales -- France
=740  0\ $a Contes des fées
=830  \0 $a Project Gutenberg $v 33931
=856  40 $u http://www.gutenberg.org/ebooks/33931

