=LDR  00820nas  2200229uu 4500
=000  00568cam\a22001693a\4500
=001  33932
=003  PGUSA
=005  20161217030021.0
=008  101012s2010||||xxu|||||s|||||000\|\eng\d
=040  \\ $a PGUSA $b eng
=042  \\ $a dc
=050  \4$aD501
=100  1\ $a Klausner, Julius, $d 1894-
=245  10 $a Company B, 307th Infantry : $b $b Its history, honor roll, company roster, Sept., 1917, May, 1919 $h [electronic resource] / $c Julius Klausner
=260  \\ $b Project Gutenberg, $c 2010
=506  \\ $a Public domain in the USA.
=516  \\ $a Text
=653  \\ $a United States. Army. Infantry, 307th. Company B
=653  \\ $a World War, 1914-1918 -- Regimental histories -- United States
=830  \0 $a Project Gutenberg $v 33932
=856  40 $u http://www.gutenberg.org/ebooks/33932

