=LDR  00700nas  2200217uu 4500
=000  00568cam\a22001693a\4500
=001  33933
=003  PGUSA
=005  20161217030021.0
=008  101012s2010||||xxu|||||s|||||000\|\eng\d
=040  \\ $a PGUSA $b eng
=042  \\ $a dc
=050  \4$aPQ
=100  1\ $a Mounsey, G. A. $q (George Augustus), $d 1879-1966
=245  14 $a The Life-Work of Flaubert, from the Russian of Merejowski $h [electronic resource] / $c G. A. Mounsey
=260  \\ $b Project Gutenberg, $c 2010
=506  \\ $a Public domain in the USA.
=516  \\ $a Text
=653  \\ $a Flaubert, Gustave, 1821-1880
=830  \0 $a Project Gutenberg $v 33933
=856  40 $u http://www.gutenberg.org/ebooks/33933

