=LDR  00747nas  2200253uu 4500
=000  00568cam\a22001693a\4500
=001  33934
=003  PGUSA
=005  20161217030021.0
=008  101011s2010||||xxu|||||s|||||000\1\eng\d
=040  \\ $a PGUSA $b eng
=042  \\ $a dc
=050  \4$aPS
=100  1\ $a Emshwiller, Ed, $d 1925-1990
=245  10 $a She Knew He Was Coming $h [electronic resource] / $c Ed Emshwiller
=260  \\ $b Project Gutenberg, $c 2010
=506  \\ $a Public domain in the USA.
=516  \\ $a Text
=653  \\ $a Mars (Planet) -- Fiction
=653  \\ $a Prostitutes -- Fiction
=653  \\ $a Science fiction
=653  \\ $a Short stories
=830  \0 $a Project Gutenberg $v 33934
=856  40 $u http://www.gutenberg.org/ebooks/33934

