=LDR  00743nas  2200229uu 4500
=000  00568cam\a22001693a\4500
=001  33935
=003  PGUSA
=005  20161217030021.0
=008  101011s2010||||xxu|||||s|||||000\|\eng\d
=040  \\ $a PGUSA $b eng
=042  \\ $a dc
=050  \4$aQL
=100  1\ $a Beal, F. E. L. $q (Foster Ellenborough Lascelles), $d 1840-1917
=245  10 $a Food Habits of the Thrushes of the United States : $b $b USDA Bulletin 280 $h [electronic resource] / $c F. E. L. Beal
=260  \\ $b Project Gutenberg, $c 2010
=506  \\ $a Public domain in the USA.
=516  \\ $a Text
=653  \\ $a Birds
=653  \\ $a Thrushes -- Food
=830  \0 $a Project Gutenberg $v 33935
=856  40 $u http://www.gutenberg.org/ebooks/33935

