=LDR  00821nas  2200253uu 4500
=000  00568cam\a22001693a\4500
=001  33936
=003  PGUSA
=005  20161217030021.0
=008  101011s2010||||xxu|||||s|||||000\|\eng\d
=040  \\ $a PGUSA $b eng
=042  \\ $a dc
=050  \4$aQL
=100  1\ $a Pfungst, Oskar, $d 1874-1933
=245  10 $a Clever Hans (The Horse of Mr. Von Osten) : $b $b A contribution to experimental animal and human psychology $h [electronic resource] / $c Oskar Pfungst
=260  \\ $b Project Gutenberg, $c 2010
=506  \\ $a Public domain in the USA.
=516  \\ $a Text
=653  \\ $a Psychology, Comparative
=653  \\ $a Animal training
=653  \\ $a Animal intelligence
=653  \\ $a Horses
=830  \0 $a Project Gutenberg $v 33936
=856  40 $u http://www.gutenberg.org/ebooks/33936

