=LDR  00684nas  2200229uu 4500
=000  00568cam\a22001693a\4500
=001  33937
=003  PGUSA
=005  20161217030021.0
=008  101010s2010||||xxu|||||s|||||000\1\fin\d
=040  \\ $a PGUSA $b fin
=042  \\ $a dc
=050  \4$aPT
=100  1\ $a Blanche, August, $d 1811-1868
=245  10 $a Kalle Saukko $h [electronic resource] / $c August Blanche
=260  \\ $b Project Gutenberg, $c 2010
=506  \\ $a Public domain in the USA.
=516  \\ $a Text
=653  \\ $a Short stories
=653  \\ $a Swedish fiction -- Translations into Finnish
=830  \0 $a Project Gutenberg $v 33937
=856  40 $u http://www.gutenberg.org/ebooks/33937

