=LDR  00895nas  2200265uu 4500
=000  00568cam\a22001693a\4500
=001  33939
=003  PGUSA
=005  20161217030021.0
=008  101007s2010||||xxu|||||s|||||000\1\eng\d
=040  \\ $a PGUSA $b eng
=042  \\ $a dc
=050  \4$aPZ
=100  1\ $a Henty, G. A. $q (George Alfred), $d 1832-1902
=245  10 $a Sturdy and Strong; Or, How George Andrews Made His Way $h [electronic resource] / $c G. A. Henty
=260  \\ $b Project Gutenberg, $c 2010
=506  \\ $a Public domain in the USA.
=516  \\ $a Text
=653  \\ $a Children -- Conduct of life -- Juvenile fiction
=653  \\ $a Success -- Juvenile fiction
=653  \\ $a Children's stories
=653  \\ $a Diligence -- Juvenile fiction
=653  \\ $a Conduct of life -- Juvenile fiction
=830  \0 $a Project Gutenberg $v 33939
=856  40 $u http://www.gutenberg.org/ebooks/33939

