=LDR  00769nas  2200217uu 4500
=000  00568cam\a22001693a\4500
=001  33941
=003  PGUSA
=005  20161217030021.0
=008  101006s2010||||xxu|||||s|||||000\|\eng\d
=040  \\ $a PGUSA $b eng
=042  \\ $a dc
=050  \4$aQD
=100  1\ $a Shenstone, W. A. $q (William Ashwell), $d 1850-1908
=245  14 $a The Methods of Glass Blowing and of Working Silica in the Oxy-Gas Flame : $b $b For the use of chemical and physical students $h [electronic resource] / $c W. A. Shenstone
=260  \\ $b Project Gutenberg, $c 2010
=506  \\ $a Public domain in the USA.
=516  \\ $a Text
=653  \\ $a Glass blowing and working
=830  \0 $a Project Gutenberg $v 33941
=856  40 $u http://www.gutenberg.org/ebooks/33941

