=LDR  00883nas  2200229uu 4500
=000  00568cam\a22001693a\4500
=001  33942
=003  PGUSA
=005  20161217030021.0
=008  101006s2010||||xxu|||||s|||||000\1\eng\d
=040  \\ $a PGUSA $b eng
=042  \\ $a dc
=050  \4$aPR
=100  1\ $a Ouida, $d 1839-1908
=245  10 $a Beatrice Boville and other stories $h [electronic resource] / $c Ouida
=260  \\ $b Project Gutenberg, $c 2010
=505  0\ $a Beatrice Boville -- A linein the "Daily" -- Holly wreaths and rose chains -- Silver chimes and golden fetters -- Slander and sillery -- Sir Galahad's raid -- "Redeemed" -- Our wager; or, how the major lost and won -- Our country quarters.
=506  \\ $a Public domain in the USA.
=516  \\ $a Text
=653  \\ $a English fiction
=830  \0 $a Project Gutenberg $v 33942
=856  40 $u http://www.gutenberg.org/ebooks/33942

