=LDR  00617nas  2200217uu 4500
=000  00568cam\a22001693a\4500
=001  33943
=003  PGUSA
=005  20161217030021.0
=008  101005s2010||||xxu|||||s|||||000\1\eng\d
=040  \\ $a PGUSA $b eng
=042  \\ $a dc
=050  \4$aPQ
=100  1\ $a Barbusse, Henri, $d 1873-1935
=245  10 $a Woman $h [electronic resource] / $c Henri Barbusse
=260  \\ $b Project Gutenberg, $c 2010
=506  \\ $a Public domain in the USA.
=516  \\ $a Text
=653  \\ $a Women -- Fiction
=830  \0 $a Project Gutenberg $v 33943
=856  40 $u http://www.gutenberg.org/ebooks/33943

