=LDR  00753nas  2200241uu 4500
=000  00568cam\a22001693a\4500
=001  33944
=003  PGUSA
=005  20161217030021.0
=008  101005s2010||||xxu|||||s|||||000\|\eng\d
=040  \\ $a PGUSA $b eng
=042  \\ $a dc
=050  \4$aHM
=100  1\ $a Martineau, Harriet, $d 1802-1876
=245  10 $a How to Observe : $b Morals and Manners $h [electronic resource] / $c Harriet Martineau
=260  \\ $b Project Gutenberg, $c 2010
=506  \\ $a Public domain in the USA.
=516  \\ $a Text
=653  \\ $a Manners and customs
=653  \\ $a Observation (Psychology)
=653  \\ $a Social psychology -- Methodology
=830  \0 $a Project Gutenberg $v 33944
=856  40 $u http://www.gutenberg.org/ebooks/33944

