=LDR  00651nas  2200229uu 4500
=000  00568cam\a22001693a\4500
=001  33945
=003  PGUSA
=005  20161217030021.0
=008  101005s2010||||xxu|||||s|||||000\1\eng\d
=040  \\ $a PGUSA $b eng
=042  \\ $a dc
=050  \4$aPR
=100  1\ $a Housman, Clemence, $d 1861-1955
=245  14 $a The Unknown Sea $h [electronic resource] / $c Clemence Housman
=260  \\ $b Project Gutenberg, $c 2010
=506  \\ $a Public domain in the USA.
=516  \\ $a Text
=653  \\ $a Allegories
=653  \\ $a Fiction
=830  \0 $a Project Gutenberg $v 33945
=856  40 $u http://www.gutenberg.org/ebooks/33945

