=LDR  00971nas  2200253uu 4500
=000  00568cam\a22001693a\4500
=001  33946
=003  PGUSA
=005  20161217030021.0
=008  101004s2010||||xxu|||||s|||||000\|\eng\d
=040  \\ $a PGUSA $b eng
=042  \\ $a dc
=050  \4$aHB
=100  1\ $a Unknown
=245  12 $a A Stiptick for a Bleeding Nation : $b $b Or, a safe and speedy way to restore publick credit, and pay the national debts $h [electronic resource] / $c Unknown
=260  \\ $b Project Gutenberg, $c 2010
=506  \\ $a Public domain in the USA.
=516  \\ $a Text
=653  \\ $a Coinage -- Great Britain -- Early works to 1800
=653  \\ $a South Sea Company
=653  \\ $a Debts, Public -- Great Britain -- Early works to 1800
=740  0\ $a A Styptic for a Bleeding Nation Or, a safe and speedy way to restore public credit, and pay the national debts
=830  \0 $a Project Gutenberg $v 33946
=856  40 $u http://www.gutenberg.org/ebooks/33946

