=LDR  00943nas  2200241uu 4500
=000  00568cam\a22001693a\4500
=001  33947
=003  PGUSA
=005  20161217030021.0
=008  101004s2010||||xxu|||||s|||||000\1\eng\d
=040  \\ $a PGUSA $b eng
=042  \\ $a dc
=050  \4$aPS
=100  1\ $a Spearman, Frank H. $q (Frank Hamilton), $d 1859-1937
=245  14 $a The Nerve of Foley, and Other Railroad Stories $h [electronic resource] / $c Frank H. Spearman
=260  \\ $b Project Gutenberg, $c 2010
=505  0\ $a The nerve of Foley -- Second seventy-seven -- The kid engineer -- The sky-scraper -- Soda-water Sal -- The McWilliams special -- The million-dollar freight-train -- Bucks -- Sankey's double header -- Siclone Clark.
=506  \\ $a Public domain in the USA.
=516  \\ $a Text
=653  \\ $a Railroad stories
=653  \\ $a Fiction
=830  \0 $a Project Gutenberg $v 33947
=856  40 $u http://www.gutenberg.org/ebooks/33947

