=LDR  00848nas  2200241uu 4500
=000  00568cam\a22001693a\4500
=001  33948
=003  PGUSA
=005  20161217030021.0
=008  101004s2010||||xxu|||||s|||||000\1\eng\d
=040  \\ $a PGUSA $b eng
=042  \\ $a dc
=050  \4$aPZ
=100  1\ $a Paine, Albert Bigelow, $d 1861-1937
=245  14 $a The Hollow Tree Snowed-In Book : $b $b Being a continuation of stories about the Hollow Tree and Deep Woods people $h [electronic resource] / $c Albert Bigelow Paine
=260  \\ $b Project Gutenberg, $c 2010
=506  \\ $a Public domain in the USA.
=516  \\ $a Text
=653  \\ $a Trees -- Juvenile fiction
=653  \\ $a Imaginary places -- Juvenile fiction
=653  \\ $a Animals -- Juvenile fiction
=830  \0 $a Project Gutenberg $v 33948
=856  40 $u http://www.gutenberg.org/ebooks/33948

