=LDR  00634nas  2200217uu 4500
=000  00568cam\a22001693a\4500
=001  33949
=003  PGUSA
=005  20161217030021.0
=008  101003s2010||||xxu|||||s|||||000\p\fin\d
=040  \\ $a PGUSA $b fin
=042  \\ $a dc
=050  \4$aPH
=100  1\ $a Juteini, Jaakko, $d 1781-1855
=245  10 $a Valikoima Jaakko Juteinin runoja $h [electronic resource] / $c Jaakko Juteini
=260  \\ $b Project Gutenberg, $c 2010
=506  \\ $a Public domain in the USA.
=516  \\ $a Text
=653  \\ $a Poetry
=830  \0 $a Project Gutenberg $v 33949
=856  40 $u http://www.gutenberg.org/ebooks/33949

