=LDR  00720nas  2200229uu 4500
=000  00568cam\a22001693a\4500
=001  33950
=003  PGUSA
=005  20161217030021.0
=008  101002s2010||||xxu|||||s|||||000\|\eng\d
=040  \\ $a PGUSA $b eng
=042  \\ $a dc
=050  \4$aBX
=100  1\ $a Douglas, Eileen, $d 1829-1912
=245  10 $a Brother Francis; Or, Less than the Least $h [electronic resource] / $c Eileen Douglas
=260  \\ $b Project Gutenberg, $c 2010
=506  \\ $a Public domain in the USA.
=516  \\ $a Text
=653  \\ $a Christian saints -- Biography
=653  \\ $a Francis, of Assisi, Saint, 1182-1226
=830  \0 $a Project Gutenberg $v 33950
=856  40 $u http://www.gutenberg.org/ebooks/33950

