=LDR  00669nas  2200229uu 4500
=000  00568cam\a22001693a\4500
=001  33951
=003  PGUSA
=005  20161217030021.0
=008  101002s2010||||xxu|||||s|||||000\|\eng\d
=040  \\ $a PGUSA $b eng
=042  \\ $a dc
=050  \4$aTT
=100  1\ $a Watts, Miss
=245  14 $a The Ladies' Knitting and Netting Book $h [electronic resource] / $c Miss Watts
=260  \\ $b Project Gutenberg, $c 2010
=506  \\ $a Public domain in the USA.
=516  \\ $a Text
=653  \\ $a Netting -- Patterns
=653  \\ $a Knitting -- Patterns
=830  \0 $a Project Gutenberg $v 33951
=856  40 $u http://www.gutenberg.org/ebooks/33951

