=LDR  00670nas  2200229uu 4500
=000  00568cam\a22001693a\4500
=001  33952
=003  PGUSA
=005  20161217030021.0
=008  101002s2010||||xxu|||||s|||||000\|\eng\d
=040  \\ $a PGUSA $b eng
=042  \\ $a dc
=050  \4$aBF
=100  1\ $a Conwell, Russell H., $d 1843-1925
=245  10 $a What You Can Do With Your Will Power $h [electronic resource] / $c Russell H. Conwell
=260  \\ $b Project Gutenberg, $c 2010
=506  \\ $a Public domain in the USA.
=516  \\ $a Text
=653  \\ $a Success
=653  \\ $a Will
=830  \0 $a Project Gutenberg $v 33952
=856  40 $u http://www.gutenberg.org/ebooks/33952

