=LDR  00881nas  2200241uu 4500
=000  00568cam\a22001693a\4500
=001  33953
=003  PGUSA
=005  20161217030021.0
=008  101001s2010||||xxu|||||s|||||000\|\eng\d
=040  \\ $a PGUSA $b eng
=042  \\ $a dc
=050  \4$aCR
=245  14 $a The Boke of Noblesse : $b $b Addressed to King Edward the Fourth on His Invasion of France in 1475 $h [electronic resource]
=260  \\ $b Project Gutenberg, $c 2010
=506  \\ $a Public domain in the USA.
=516  \\ $a Text
=653  \\ $a Hundred Years' War, 1339-1453
=653  \\ $a Great Britain -- History -- Edward IV, 1461-1483
=653  \\ $a Chivalry -- Early works to 1800
=740  0\ $a The Book of Noblesse Addressed to King Edward the Fourth on His Invasion of France in 1475
=830  \0 $a Project Gutenberg $v 33953
=856  40 $u http://www.gutenberg.org/ebooks/33953

