=LDR  00697nas  2200229uu 4500
=000  00568cam\a22001693a\4500
=001  33954
=003  PGUSA
=005  20161217030021.0
=008  101001s2010||||xxu|||||s|||||000\|\ita\d
=040  \\ $a PGUSA $b ita
=042  \\ $a dc
=050  \4$aTX
=245  13 $a Il libro della cucina del sec. XIV, testo di lingua non mai fin qui stampato $h [electronic resource]
=260  \\ $b Project Gutenberg, $c 2010
=506  \\ $a Public domain in the USA.
=516  \\ $a Text
=653  \\ $a Cooking -- Early works to 1800
=653  \\ $a Cooking, Italian
=653  \\ $a Cookbooks
=830  \0 $a Project Gutenberg $v 33954
=856  40 $u http://www.gutenberg.org/ebooks/33954

