=LDR  00814nas  2200253uu 4500
=000  00568cam\a22001693a\4500
=001  33955
=003  PGUSA
=005  20161217030021.0
=008  101001s2010||||xxu|||||s|||||000\|\eng\d
=040  \\ $a PGUSA $b eng
=042  \\ $a dc
=050  \4$aNA
=100  1\ $a Northend, Mary Harrod, $d 1850-
=245  10 $a Remodeled Farmhouses $h [electronic resource] / $c Mary Harrod Northend
=260  \\ $b Project Gutenberg, $c 2010
=506  \\ $a Public domain in the USA.
=516  \\ $a Text
=653  \\ $a Architecture, Domestic -- United States
=653  \\ $a Farmhouses -- United States
=653  \\ $a Interior decoration
=653  \\ $a Decoration and ornament, Rustic -- United States
=830  \0 $a Project Gutenberg $v 33955
=856  40 $u http://www.gutenberg.org/ebooks/33955

