=LDR  00675nas  2200217uu 4500
=000  00568cam\a22001693a\4500
=001  33956
=003  PGUSA
=005  20161217030021.0
=008  101001s2010||||xxu|||||s|||||000\|\eng\d
=040  \\ $a PGUSA $b eng
=042  \\ $a dc
=050  \4$aBJ
=245  10 $a True Politeness : $b A Hand-book of Etiquette for Ladies $h [electronic resource] / $c Anonymous
=260  \\ $b Project Gutenberg, $c 2010
=506  \\ $a Public domain in the USA.
=516  \\ $a Text
=653  \\ $a Etiquette for women
=653  \\ $a Conduct of life -- Early works to 1900
=830  \0 $a Project Gutenberg $v 33956
=856  40 $u http://www.gutenberg.org/ebooks/33956

