=LDR  00706nas  2200229uu 4500
=000  00568cam\a22001693a\4500
=001  33957
=003  PGUSA
=005  20161217030021.0
=008  101001s2010||||xxu|||||s|||||000\|\eng\d
=040  \\ $a PGUSA $b eng
=042  \\ $a dc
=050  \4$aPR
=100  1\ $a Pinero, Arthur Wing, $d 1855-1934
=245  14 $a The Cabinet Minister : $b A farce in four acts $h [electronic resource] / $c Arthur Wing Pinero
=260  \\ $b Project Gutenberg, $c 2010
=506  \\ $a Public domain in the USA.
=516  \\ $a Text
=653  \\ $a Comedies
=653  \\ $a English drama -- 19th century
=830  \0 $a Project Gutenberg $v 33957
=856  40 $u http://www.gutenberg.org/ebooks/33957

