=LDR  00661nas  2200217uu 4500
=000  00568cam\a22001693a\4500
=001  33958
=003  PGUSA
=005  20161217030021.0
=008  100930s2010||||xxu|||||s|||||000\1\eng\d
=040  \\ $a PGUSA $b eng
=042  \\ $a dc
=050  \4$aPT
=100  1\ $a Heimburg, W., $d 1850-1912
=245  12 $a A Sister's Love : $b A Novel $h [electronic resource] / $c W. Heimburg
=260  \\ $b Project Gutenberg, $c 2010
=506  \\ $a Public domain in the USA.
=516  \\ $a Text
=653  \\ $a German fiction -- Translations into English
=830  \0 $a Project Gutenberg $v 33958
=856  40 $u http://www.gutenberg.org/ebooks/33958

