=LDR  00717nas  2200241uu 4500
=000  00568cam\a22001693a\4500
=001  33960
=003  PGUSA
=005  20161217030021.0
=008  100929s2010||||xxu|||||s|||||000\|\eng\d
=040  \\ $a PGUSA $b eng
=042  \\ $a dc
=050  \4$aHQ
=100  1\ $a Stall, Sylvanus, $d 1847-1915
=245  10 $a What a Young Husband Ought to Know $h [electronic resource] / $c Sylvanus Stall
=260  \\ $b Project Gutenberg, $c 2010
=506  \\ $a Public domain in the USA.
=516  \\ $a Text
=653  \\ $a Sexual health
=653  \\ $a Sexual ethics
=653  \\ $a Sex instruction for men
=830  \0 $a Project Gutenberg $v 33960
=856  40 $u http://www.gutenberg.org/ebooks/33960

