=LDR  01036nas  2200289uu 4500
=000  00568cam\a22001693a\4500
=001  33961
=003  PGUSA
=005  20161217030021.0
=008  101002s2010||||xxu|||||s|||||000\|\gre\d
=040  \\ $a PGUSA $b gre
=042  \\ $a dc
=050  \4$aPR
=100  1\ $a Shakespeare, William, $d 1564-1616
=245  10 $a Αντώνιος και Κλεοπάτρα : $b $b Τραγωδία εις πράξεις 5 $h [electronic resource] / $c William Shakespeare
=260  \\ $b Project Gutenberg, $c 2010
=500  \\ $a Translation of: Antony and Cleopatra
=506  \\ $a Public domain in the USA.
=516  \\ $a Text
=653  \\ $a Generals -- Rome -- Drama
=653  \\ $a Antonius, Marcus, 83?-30 B.C. -- Drama
=653  \\ $a Tragedies
=653  \\ $a Queens -- Egypt -- Drama
=653  \\ $a Rome -- History -- Civil War, 43-31 B.C. -- Drama
=653  \\ $a Cleopatra, Queen of Egypt, -30 B.C. -- Drama
=830  \0 $a Project Gutenberg $v 33961
=856  40 $u http://www.gutenberg.org/ebooks/33961

