=LDR  00797nas  2200229uu 4500
=000  00568cam\a22001693a\4500
=001  33962
=003  PGUSA
=005  20161217030021.0
=008  100929s2010||||xxu|||||s|||||000\|\eng\d
=040  \\ $a PGUSA $b eng
=042  \\ $a dc
=050  \4$aE456
=100  1\ $a Wilder, Theodore
=245  14 $a The history of Company C, Seventh Regiment, O.V.I $h [electronic resource] / $c Theodore Wilder
=260  \\ $b Project Gutenberg, $c 2010
=506  \\ $a Public domain in the USA.
=516  \\ $a Text
=653  \\ $a United States. Army. Ohio Infantry Regiment, 7th (1861-1864). Company C
=653  \\ $a United States -- History -- Civil War, 1861-1865 -- Regimental histories
=830  \0 $a Project Gutenberg $v 33962
=856  40 $u http://www.gutenberg.org/ebooks/33962

