=LDR  00645nas  2200217uu 4500
=000  00568cam\a22001693a\4500
=001  33963
=003  PGUSA
=005  20161217030021.0
=008  100929s2010||||xxu|||||s|||||000\1\eng\d
=040  \\ $a PGUSA $b eng
=042  \\ $a dc
=050  \4$aPS
=100  1\ $a Castaigne, J. André, $d 1876-
=245  14 $a The Valiants of Virginia $h [electronic resource] / $c J. André Castaigne
=260  \\ $b Project Gutenberg, $c 2010
=506  \\ $a Public domain in the USA.
=516  \\ $a Text
=653  \\ $a Virginia -- Fiction
=830  \0 $a Project Gutenberg $v 33963
=856  40 $u http://www.gutenberg.org/ebooks/33963

