=LDR  00691nas  2200229uu 4500
=000  00568cam\a22001693a\4500
=001  33964
=003  PGUSA
=005  20161217030021.0
=008  100928s2010||||xxu|||||s|||||000\1\eng\d
=040  \\ $a PGUSA $b eng
=042  \\ $a dc
=050  \4$aPR
=100  1\ $a Hocking, Joseph, $d 1860-1937
=245  14 $a The Man Who Rose Again $h [electronic resource] / $c Joseph Hocking
=260  \\ $b Project Gutenberg, $c 2010
=506  \\ $a Public domain in the USA.
=516  \\ $a Text
=653  \\ $a Man-woman relationships -- Fiction
=653  \\ $a Courtship -- Fiction
=830  \0 $a Project Gutenberg $v 33964
=856  40 $u http://www.gutenberg.org/ebooks/33964

