=LDR  00757nas  2200229uu 4500
=000  00568cam\a22001693a\4500
=001  33965
=003  PGUSA
=005  20161217030021.0
=008  100928s2010||||xxu|||||s|||||000\|\eng\d
=040  \\ $a PGUSA $b eng
=042  \\ $a dc
=050  \4$aAP
=245  14 $a The International Monthly, Volume 3, No. 4, July, 1851 $h [electronic resource] / $c Various
=260  \\ $b Project Gutenberg, $c 2010
=506  \\ $a Public domain in the USA.
=516  \\ $a Text
=653  \\ $a Science -- History -- Periodicals
=653  \\ $a Art, Modern -- 19th century -- Periodicals
=653  \\ $a Literature, Modern -- 19th century -- Periodicals
=830  \0 $a Project Gutenberg $v 33965
=856  40 $u http://www.gutenberg.org/ebooks/33965

