=LDR  00776nas  2200253uu 4500
=000  00568cam\a22001693a\4500
=001  33967
=003  PGUSA
=005  20161217030021.0
=008  100928s2010||||xxu|||||s|||||000\|\eng\d
=040  \\ $a PGUSA $b eng
=042  \\ $a dc
=050  \4$aQL
=050  \4$aQH
=100  1\ $a Duellman, William Edward, $d 1930-
=245  10 $a Descriptions of New Hylid Frogs From Mexico and Central America $h [electronic resource] / $c William Edward Duellman
=260  \\ $b Project Gutenberg, $c 2010
=506  \\ $a Public domain in the USA.
=516  \\ $a Text
=653  \\ $a Frogs -- Central America
=653  \\ $a Hylidae
=653  \\ $a Frogs -- Mexico
=830  \0 $a Project Gutenberg $v 33967
=856  40 $u http://www.gutenberg.org/ebooks/33967

