=LDR  01074nas  2200313uu 4500
=000  00568cam\a22001693a\4500
=001  33968
=003  PGUSA
=005  20161217030021.0
=008  100927s2010||||xxu|||||s|||||000\1\eng\d
=040  \\ $a PGUSA $b eng
=042  \\ $a dc
=050  \4$aPZ
=100  1\ $a Keene, S. F., $c Mrs
=245  14 $a The Academy Boys in Camp $h [electronic resource] / $c S. F., Keene
=260  \\ $b Project Gutenberg, $c 2010
=506  \\ $a Public domain in the USA.
=516  \\ $a Text
=653  \\ $a Preparatory school students -- Juvenile fiction
=653  \\ $a Outdoor life -- Juvenile fiction
=653  \\ $a Children -- Conduct of life -- Juvenile fiction
=653  \\ $a Friendship -- Juvenile fiction
=653  \\ $a Natural history -- Juvenile fiction
=653  \\ $a School camps -- Juvenile fiction
=653  \\ $a Conduct of life -- Juvenile fiction
=653  \\ $a Camping -- Juvenile fiction
=653  \\ $a Students -- Juvenile fiction
=830  \0 $a Project Gutenberg $v 33968
=856  40 $u http://www.gutenberg.org/ebooks/33968

