=LDR  01041nas  2200253uu 4500
=000  00568cam\a22001693a\4500
=001  33970
=003  PGUSA
=005  20161217030021.0
=008  100923s2010||||xxu|||||s|||||000\1\eng\d
=040  \\ $a PGUSA $b eng
=042  \\ $a dc
=050  \4$aPS
=100  1\ $a Dunton, W. Herbert, $d 1878-1936
=245  14 $a The Raid of The Guerilla, and other stories $h [electronic resource] / $c W. Herbert Dunton
=260  \\ $b Project Gutenberg, $c 2010
=505  0\ $a The raid of the guerilla -- Who crosses Storm Mountain? -- The crucial moment -- Una of the hill country -- The lost guidon -- Wolf's head -- His unquiet ghost -- A Chilhowee lily -- The phantom of Bogue Holauba -- The Christmas miracle.
=506  \\ $a Public domain in the USA.
=516  \\ $a Text
=653  \\ $a Tennessee -- Social life and customs -- Fiction
=653  \\ $a Cumberland Mountains -- Fiction
=653  \\ $a Mountain life -- Fiction
=830  \0 $a Project Gutenberg $v 33970
=856  40 $u http://www.gutenberg.org/ebooks/33970

