=LDR  00885nas  2200241uu 4500
=000  00568cam\a22001693a\4500
=001  33971
=003  PGUSA
=005  20161217030021.0
=008  100923s2010||||xxu|||||s|||||000\1\eng\d
=040  \\ $a PGUSA $b eng
=042  \\ $a dc
=050  \4$aPR
=100  1\ $a Hornung, E. W. $q (Ernest William), $d 1866-1921
=245  10 $a Witching Hill $h [electronic resource] / $c E. W. Hornung
=260  \\ $b Project Gutenberg, $c 2010
=505  0\ $a Unhallowed ground -- The house with red blinds -- A vicious circle -- The local colour -- The angel of life -- Under arms -- The locked room -- The temple of Bacchus.
=506  \\ $a Public domain in the USA.
=516  \\ $a Text
=653  \\ $a Mystery fiction
=653  \\ $a Suburbs -- England -- London -- Fiction
=830  \0 $a Project Gutenberg $v 33971
=856  40 $u http://www.gutenberg.org/ebooks/33971

