=LDR  00667nas  2200217uu 4500
=000  00568cam\a22001693a\4500
=001  33972
=003  PGUSA
=005  20161217030021.0
=008  100924s2010||||xxu|||||s|||||000\|\eng\d
=040  \\ $a PGUSA $b eng
=042  \\ $a dc
=050  \4$aSF
=100  1\ $a Blackman, William Fremont, $d 1855-1932
=245  10 $a Florida : $b An Ideal Cattle State $h [electronic resource] / $c William Fremont Blackman
=260  \\ $b Project Gutenberg, $c 2010
=506  \\ $a Public domain in the USA.
=516  \\ $a Text
=653  \\ $a Cattle -- Florida
=830  \0 $a Project Gutenberg $v 33972
=856  40 $u http://www.gutenberg.org/ebooks/33972

