=LDR  00667nas  2200217uu 4500
=000  00568cam\a22001693a\4500
=001  33974
=003  PGUSA
=005  20161217030021.0
=008  100925s2010||||xxu|||||s|||||000\|\eng\d
=040  \\ $a PGUSA $b eng
=042  \\ $a dc
=050  \4$aTX
=100  1\ $a Hall, Mary Elizabeth
=245  10 $a Candy-Making Revolutionized : $b Confectionery from Vegetables $h [electronic resource] / $c Mary Elizabeth Hall
=260  \\ $b Project Gutenberg, $c 2010
=506  \\ $a Public domain in the USA.
=516  \\ $a Text
=653  \\ $a Confectionery
=830  \0 $a Project Gutenberg $v 33974
=856  40 $u http://www.gutenberg.org/ebooks/33974

