=LDR  00668nas  2200229uu 4500
=000  00568cam\a22001693a\4500
=001  33975
=003  PGUSA
=005  20161217030021.0
=008  100926s2010||||xxu|||||s|||||000\|\eng\d
=040  \\ $a PGUSA $b eng
=042  \\ $a dc
=050  \4$aTX
=100  1\ $a Pierce, Paul, $d 1866-
=245  10 $a Suppers : $b Novel Suggestions for Social Occasions $h [electronic resource] / $c Paul Pierce
=260  \\ $b Project Gutenberg, $c 2010
=506  \\ $a Public domain in the USA.
=516  \\ $a Text
=653  \\ $a Games
=653  \\ $a Cooking
=830  \0 $a Project Gutenberg $v 33975
=856  40 $u http://www.gutenberg.org/ebooks/33975

