=LDR  00704nas  2200229uu 4500
=000  00568cam\a22001693a\4500
=001  33976
=003  PGUSA
=005  20161217030021.0
=008  100926s2010||||xxu|||||s|||||000\1\eng\d
=040  \\ $a PGUSA $b eng
=042  \\ $a dc
=050  \4$aPZ
=100  1\ $a Wheeler, Ruthe S.
=245  10 $a Jane, Stewardess of the Air Lines $h [electronic resource] / $c Ruthe S. Wheeler
=260  \\ $b Project Gutenberg, $c 2010
=506  \\ $a Public domain in the USA.
=516  \\ $a Text
=653  \\ $a Airplanes -- Juvenile fiction
=653  \\ $a Flight attendants -- Juvenile fiction
=830  \0 $a Project Gutenberg $v 33976
=856  40 $u http://www.gutenberg.org/ebooks/33976

