=LDR  00873nas  2200265uu 4500
=000  00568cam\a22001693a\4500
=001  33977
=003  PGUSA
=005  20161217030021.0
=008  100927s2010||||xxu|||||s|||||000\1\eng\d
=040  \\ $a PGUSA $b eng
=042  \\ $a dc
=050  \4$aPR
=100  1\ $a Ruck, Berta, $d 1878-1978
=245  10 $a Miss Million's Maid : $b A Romance of Love and Fortune $h [electronic resource] / $c Berta Ruck
=260  \\ $b Project Gutenberg, $c 2010
=506  \\ $a Public domain in the USA.
=516  \\ $a Text
=653  \\ $a Lady's maids -- Fiction
=653  \\ $a England -- Social life and customs -- 20th century -- Fiction
=653  \\ $a Love stories
=653  \\ $a Inheritance and succession -- Fiction
=653  \\ $a Young women -- Fiction
=830  \0 $a Project Gutenberg $v 33977
=856  40 $u http://www.gutenberg.org/ebooks/33977

