=LDR  00700nas  2200241uu 4500
=000  00568cam\a22001693a\4500
=001  33979
=003  PGUSA
=005  20161217030021.0
=008  100922s2010||||xxu|||||s|||||000\|\eng\d
=040  \\ $a PGUSA $b eng
=042  \\ $a dc
=050  \4$aPR
=050  \4$aHX
=100  1\ $a Wilde, Oscar, $d 1854-1900
=245  10 $a Miscellaneous Aphorisms; The Soul of Man $h [electronic resource] / $c Oscar Wilde
=260  \\ $b Project Gutenberg, $c 2010
=506  \\ $a Public domain in the USA.
=516  \\ $a Text
=653  \\ $a Socialism
=653  \\ $a Aphorisms and apothegms
=830  \0 $a Project Gutenberg $v 33979
=856  40 $u http://www.gutenberg.org/ebooks/33979

