=LDR  01505nas  2200265uu 4500
=000  00568cam\a22001693a\4500
=001  33980
=003  PGUSA
=005  20161217030021.0
=008  100922s2010||||xxu|||||s|||||000\1\eng\d
=040  \\ $a PGUSA $b eng
=042  \\ $a dc
=050  \4$aPZ
=100  1\ $a Harrison, Elizabeth, $d 1849-1927
=245  10 $a In Story-land $h [electronic resource] / $c Elizabeth Harrison
=260  \\ $b Project Gutenberg, $c 2010
=505  0\ $a Little Beta and the lame giant -- The line of golden light; or, the little blind sister -- Prince Harweda and the magic prison -- The little Gray Grandmother; or, the enchanted mirror -- Little Blessed-Eyes; or, the fairy's birthday gift -- The fair white city; or, a story of the past, present and future -- The loving cup which was made of iron -- Hans and the four big giants -- Story of the small green caterpillar and the beautiful white butterfly -- The discontented mill window -- The strange story of a wonderful sea-god -- The vision of Dante -- How little Cedric became a knight -- Story of Christopher Columbus for little children -- A story of Decoration Day for the little children of to-day.
=506  \\ $a Public domain in the USA.
=516  \\ $a Text
=653  \\ $a Fantasy
=653  \\ $a Children's stories
=653  \\ $a Conduct of life -- Juvenile fiction
=653  \\ $a Children -- Conduct of life -- Juvenile fiction
=830  \0 $a Project Gutenberg $v 33980
=856  40 $u http://www.gutenberg.org/ebooks/33980

