=LDR  00630nas  2200217uu 4500
=000  00568cam\a22001693a\4500
=001  33981
=003  PGUSA
=005  20161217030021.0
=008  100922s2010||||xxu|||||s|||||000\1\dut\d
=040  \\ $a PGUSA $b dut
=042  \\ $a dc
=050  \4$aPT
=100  1\ $a Brink, Jan ten, $d 1834-1901
=245  10 $a Eene schitterende "carrière" $h [electronic resource] / $c Jan ten Brink
=260  \\ $b Project Gutenberg, $c 2010
=506  \\ $a Public domain in the USA.
=516  \\ $a Text
=653  \\ $a Fiction
=830  \0 $a Project Gutenberg $v 33981
=856  40 $u http://www.gutenberg.org/ebooks/33981

