=LDR  00685nas  2200217uu 4500
=000  00568cam\a22001693a\4500
=001  33982
=003  PGUSA
=005  20161217030021.0
=008  100922s2010||||xxu|||||s|||||000\p\ita\d
=040  \\ $a PGUSA $b ita
=042  \\ $a dc
=050  \4$aPQ
=100  1\ $a Luzio, Alessandro, $d 1857-1946
=245  10 $a Le maccheronee : $b $b Zanitonella - Baldus - Moscheide - Epigrammata $h [electronic resource] / $c Alessandro Luzio
=260  \\ $b Project Gutenberg, $c 2010
=506  \\ $a Public domain in the USA.
=516  \\ $a Text
=653  \\ $a Macaronic poetry
=830  \0 $a Project Gutenberg $v 33982
=856  40 $u http://www.gutenberg.org/ebooks/33982

