=LDR  00758nas  2200229uu 4500
=000  00568cam\a22001693a\4500
=001  33983
=003  PGUSA
=005  20161217030021.0
=008  100923s2010||||xxu|||||s|||||000\|\eng\d
=040  \\ $a PGUSA $b eng
=042  \\ $a dc
=050  \4$aAP
=245  10 $a Godey's Lady's Book, Vol. XLII., May 1851 $h [electronic resource] / $c Various
=260  \\ $b Project Gutenberg, $c 2010
=506  \\ $a Public domain in the USA.
=516  \\ $a Text
=653  \\ $a United States -- Social life and customs -- 19th century -- Periodicals
=653  \\ $a Women's periodicals, American
=653  \\ $a Fashion -- 19th century -- Periodicals
=830  \0 $a Project Gutenberg $v 33983
=856  40 $u http://www.gutenberg.org/ebooks/33983

