=LDR  00674nas  2200217uu 4500
=000  00568cam\a22001693a\4500
=001  33984
=003  PGUSA
=005  20161217030021.0
=008  100923s2010||||xxu|||||s|||||000\1\eng\d
=040  \\ $a PGUSA $b eng
=042  \\ $a dc
=050  \4$aPS
=100  1\ $a Litsey, Edwin Carlile, $d 1874-1970
=245  14 $a The Man from Jericho $h [electronic resource] / $c Edwin Carlile Litsey
=260  \\ $b Project Gutenberg, $c 2010
=506  \\ $a Public domain in the USA.
=516  \\ $a Text
=653  \\ $a Kentucky -- Social life and customs -- Fiction
=830  \0 $a Project Gutenberg $v 33984
=856  40 $u http://www.gutenberg.org/ebooks/33984

