=LDR  00776nas  2200253uu 4500
=000  00568cam\a22001693a\4500
=001  33985
=003  PGUSA
=005  20161217030021.0
=008  100923s2010||||xxu|||||s|||||000\1\eng\d
=040  \\ $a PGUSA $b eng
=042  \\ $a dc
=050  \4$aPS
=100  1\ $a Miller, Alice Duer, $d 1874-1942
=245  10 $a Manslaughter $h [electronic resource] / $c Alice Duer Miller
=260  \\ $b Project Gutenberg, $c 2010
=506  \\ $a Public domain in the USA.
=516  \\ $a Text
=653  \\ $a Traffic fatalities -- Fiction
=653  \\ $a Trials (Manslaughter) -- Fiction
=653  \\ $a Rich people -- Fiction
=653  \\ $a Young women -- Fiction
=830  \0 $a Project Gutenberg $v 33985
=856  40 $u http://www.gutenberg.org/ebooks/33985

