=LDR  00963nas  2200241uu 4500
=000  00568cam\a22001693a\4500
=001  33986
=003  PGUSA
=005  20161217030021.0
=008  100924s2010||||xxu|||||s|||||000\|\eng\d
=040  \\ $a PGUSA $b eng
=042  \\ $a dc
=050  \4$aPS
=100  1\ $a Alcott, Louisa May, $d 1832-1888
=245  10 $a Comic Tragedies : $b $b Written by 'Jo' and 'Meg' and Acted by The 'Little Women' $h [electronic resource] / $c Louisa May Alcott
=260  \\ $b Project Gutenberg, $c 2010
=505  0\ $a A foreword, by Meg -- Norna; or, The witch's curse -- The captive of Castile; or, The Moorish maiden's vow -- The Greek slave -- Ion -- Bianca: an operatic tragedy -- The unloved wife; or, Woman's faith.
=506  \\ $a Public domain in the USA.
=516  \\ $a Text
=653  \\ $a Melodrama
=653  \\ $a American drama -- 19th century
=830  \0 $a Project Gutenberg $v 33986
=856  40 $u http://www.gutenberg.org/ebooks/33986

