=LDR  00802nas  2200217uu 4500
=000  00568cam\a22001693a\4500
=001  33987
=003  PGUSA
=005  20161217030021.0
=008  100923s2010||||xxu|||||s|||||000\|\eng\d
=040  \\ $a PGUSA $b eng
=042  \\ $a dc
=050  \4$aQL
=100  1\ $a Moss, Edward George Britton, $d 1856-1916
=245  10 $a Beautiful Shells of New Zealand : $b $b An Illustrated Work for Amateur Collectors of New Zealand Marine Shells, with Directions for Collecting and Cleaning them $h [electronic resource] / $c Edward George Britton Moss
=260  \\ $b Project Gutenberg, $c 2010
=506  \\ $a Public domain in the USA.
=516  \\ $a Text
=653  \\ $a Shells -- New Zealand
=830  \0 $a Project Gutenberg $v 33987
=856  40 $u http://www.gutenberg.org/ebooks/33987

