=LDR  00797nas  2200241uu 4500
=000  00568cam\a22001693a\4500
=001  33990
=003  PGUSA
=005  20161217030021.0
=008  100924s2010||||xxu|||||s|||||000\1\eng\d
=040  \\ $a PGUSA $b eng
=042  \\ $a dc
=050  \4$aPZ
=100  1\ $a Vandercook, Margaret, $d 1876-
=245  14 $a The Red Cross Girls with Pershing to Victory $h [electronic resource] / $c Margaret Vandercook
=260  \\ $b Project Gutenberg, $c 2010
=506  \\ $a Public domain in the USA.
=516  \\ $a Text
=653  \\ $a Red Cross and Red Crescent -- Juvenile fiction
=653  \\ $a Nursing -- Juvenile fiction
=653  \\ $a World War, 1914-1918 -- Juvenile fiction
=830  \0 $a Project Gutenberg $v 33990
=856  40 $u http://www.gutenberg.org/ebooks/33990

