=LDR  00662nas  2200217uu 4500
=000  00568cam\a22001693a\4500
=001  33992
=003  PGUSA
=005  20161217030021.0
=008  100924s2010||||xxu|||||s|||||000\|\eng\d
=040  \\ $a PGUSA $b eng
=042  \\ $a dc
=050  \4$aCT
=100  1\ $a Hastings, Z. S. $q (Zachariah Simpson)
=245  10 $a Autobiography of Z. S. Hastings $h [electronic resource] / $c Z. S. Hastings
=260  \\ $b Project Gutenberg, $c 2010
=506  \\ $a Public domain in the USA.
=516  \\ $a Text
=653  \\ $a United States -- Biography
=830  \0 $a Project Gutenberg $v 33992
=856  40 $u http://www.gutenberg.org/ebooks/33992

