=LDR  00665nas  2200217uu 4500
=000  00568cam\a22001693a\4500
=001  33993
=003  PGUSA
=005  20161217030021.0
=008  100925s2010||||xxu|||||s|||||000\1\dut\d
=040  \\ $a PGUSA $b dut
=042  \\ $a dc
=050  \4$aPZ
=100  1\ $a Hardenberg, W. $q (Willem), $d 1879-1939
=245  10 $a Onder de koppensnellers op Borneo $h [electronic resource] / $c W. Hardenberg
=260  \\ $b Project Gutenberg, $c 2010
=506  \\ $a Public domain in the USA.
=516  \\ $a Text
=653  \\ $a Borneo -- Juvenile fiction
=830  \0 $a Project Gutenberg $v 33993
=856  40 $u http://www.gutenberg.org/ebooks/33993

