=LDR  00786nas  2200229uu 4500
=000  00568cam\a22001693a\4500
=001  33994
=003  PGUSA
=005  20161217030021.0
=008  100925s2010||||xxu|||||s|||||000\|\eng\d
=040  \\ $a PGUSA $b eng
=042  \\ $a dc
=050  \4$aQH
=100  1\ $a McCook, Henry C. $q (Henry Christopher), $d 1837-1911
=245  10 $a Old Farm Fairies : $b A Summer Campaign In Brownieland Against King Cobweaver's Pixies $h [electronic resource] / $c Henry C. McCook
=260  \\ $b Project Gutenberg, $c 2010
=506  \\ $a Public domain in the USA.
=516  \\ $a Text
=653  \\ $a Spiders -- Juvenile literature
=653  \\ $a Insects -- Juvenile literature
=830  \0 $a Project Gutenberg $v 33994
=856  40 $u http://www.gutenberg.org/ebooks/33994

