=LDR  00795nas  2200253uu 4500
=000  00568cam\a22001693a\4500
=001  33995
=003  PGUSA
=005  20161217030021.0
=008  100925s2010||||xxu|||||s|||||000\1\eng\d
=040  \\ $a PGUSA $b eng
=042  \\ $a dc
=050  \4$aPR
=100  1\ $a Williamson, C. N. $q (Charles Norris), $d 1859-1920
=245  10 $a Where the Path Breaks $h [electronic resource] / $c C. N. Williamson
=260  \\ $b Project Gutenberg, $c 2010
=506  \\ $a Public domain in the USA.
=516  \\ $a Text
=653  \\ $a Love -- Fiction
=653  \\ $a Authors -- Fiction
=653  \\ $a Near-death experiences -- Fiction
=653  \\ $a World War, 1914-1918 -- Fiction
=830  \0 $a Project Gutenberg $v 33995
=856  40 $u http://www.gutenberg.org/ebooks/33995

