=LDR  00761nas  2200241uu 4500
=000  00568cam\a22001693a\4500
=001  33996
=003  PGUSA
=005  20161217030021.0
=008  100925s2010||||xxu|||||s|||||000\1\eng\d
=040  \\ $a PGUSA $b eng
=042  \\ $a dc
=050  \4$aPR
=100  1\ $a Clouston, J. Storer $q (Joseph Storer), $d 1870-1944
=245  14 $a The Spy in Black $h [electronic resource] / $c J. Storer Clouston
=260  \\ $b Project Gutenberg, $c 2010
=506  \\ $a Public domain in the USA.
=516  \\ $a Text
=653  \\ $a Spy stories
=653  \\ $a Germany. Kriegsmarine -- Officers -- Fiction
=653  \\ $a Germans -- England -- Fiction
=830  \0 $a Project Gutenberg $v 33996
=856  40 $u http://www.gutenberg.org/ebooks/33996

