=LDR  01205nas  2200253uu 4500
=000  00568cam\a22001693a\4500
=001  33997
=003  PGUSA
=005  20161217030021.0
=008  100927s2010||||xxu|||||s|||||000\e\eng\d
=040  \\ $a PGUSA $b eng
=042  \\ $a dc
=050  \4$aPS
=100  1\ $a Morris, Elisabeth Woodbridge, $d 1870-1964
=245  14 $a The Jonathan Papers $h [electronic resource] / $c Elisabeth Woodbridge Morris
=260  \\ $b Project Gutenberg, $c 2010
=505  0\ $a Foreword: on taking one's dessert first -- A placid runaway -- An unprogressive farm -- A desultory pilgrimage -- The yellow valley -- Larkspurs and hollyhocks -- The farm Sunday -- The grooming of the farm -- "Escaped from old gardens" -- The country road -- The lure of the berry -- In the rain -- As the bee flies -- A dawn experiment -- In the wake of the partridge -- Beyond the realm of weather -- Comfortable books -- In the firelight.
=506  \\ $a Public domain in the USA.
=516  \\ $a Text
=653  \\ $a Natural history -- Outdoor books
=653  \\ $a Country life -- Connecticut
=653  \\ $a Essays
=830  \0 $a Project Gutenberg $v 33997
=856  40 $u http://www.gutenberg.org/ebooks/33997

