=LDR  00642nas  2200217uu 4500
=000  00568cam\a22001693a\4500
=001  33998
=003  PGUSA
=005  20161217030021.0
=008  100929s2010||||xxu|||||s|||||000\|\eng\d
=040  \\ $a PGUSA $b eng
=042  \\ $a dc
=050  \4$aBV
=100  1\ $a Ryden, Ernest Edwin
=245  14 $a The Story of Our Hymns $h [electronic resource] / $c Ernest Edwin Ryden
=260  \\ $b Project Gutenberg, $c 2010
=506  \\ $a Public domain in the USA.
=516  \\ $a Text
=653  \\ $a Hymns -- History and criticism
=830  \0 $a Project Gutenberg $v 33998
=856  40 $u http://www.gutenberg.org/ebooks/33998

