=LDR  00683nas  2200229uu 4500
=000  00568cam\a22001693a\4500
=001  33999
=003  PGUSA
=005  20161217030021.0
=008  101007s2010||||xxu|||||s|||||000\1\eng\d
=040  \\ $a PGUSA $b eng
=042  \\ $a dc
=050  \4$aPR
=100  1\ $a Caine, Hall, $c Sir, $d 1853-1931
=245  14 $a The Bondman : $b A New Saga $h [electronic resource] / $c Hall, Caine
=260  \\ $b Project Gutenberg, $c 2010
=506  \\ $a Public domain in the USA.
=516  \\ $a Text
=653  \\ $a Isle of Man -- Fiction
=653  \\ $a Iceland -- Fiction
=830  \0 $a Project Gutenberg $v 33999
=856  40 $u http://www.gutenberg.org/ebooks/33999

