=LDR  00667nas  2200229uu 4500
=000  00568cam\a22001693a\4500
=001  34000
=003  PGUSA
=005  20161217030021.0
=008  100929s2010||||xxu|||||s|||||000\1\eng\d
=040  \\ $a PGUSA $b eng
=042  \\ $a dc
=050  \4$aPR
=100  1\ $a Trollope, Anthony, $d 1815-1882
=245  10 $a Rachel Ray $h [electronic resource] / $c Anthony Trollope
=260  \\ $b Project Gutenberg, $c 2010
=506  \\ $a Public domain in the USA.
=516  \\ $a Text
=653  \\ $a Love stories
=653  \\ $a Devon (England) -- Fiction
=830  \0 $a Project Gutenberg $v 34000
=856  40 $u http://www.gutenberg.org/ebooks/34000

